<?xml version="1.0" encoding="UTF-8"?>
<marc:collection xmlns:xsi="http://www.w3.org/2001/XMLSchema-instance"
                 xmlns:marc="http://www.loc.gov/MARC21/slim"
                 xmlns:mads="http://www.loc.gov/mads/v2"
                 xmlns:etd="http://www.ndltd.org/standards/metadata/etdms/1.0/"
                 xmlns:xlink="http://www.w3.org/1999/xlink"
                 xmlns:mods="http://www.loc.gov/mods/v3"
                 xmlns:dcterms="http://purl.org/dc/terms/"
                 xmlns:oasis="http://www.niso.org/standards/z39-96/ns/oasis-exchange/table"
                 xsi:schemaLocation="http://www.loc.gov/MARC21/slim http://www.loc.gov/standards/marcxml/schema/MARC21slim.xsd">
   <marc:record>
      <marc:leader>     nam  22      i 4500</marc:leader>
      <marc:controlfield tag="006">m     o  d        </marc:controlfield>
      <marc:controlfield tag="007">cr |||||||||||</marc:controlfield>
      <marc:controlfield tag="008">      s2022    flu     obm   000 0 eng d</marc:controlfield>
      <marc:datafield tag="040" ind1=" " ind2=" ">
         <marc:subfield code="a">FDA</marc:subfield>
         <marc:subfield code="b">eng</marc:subfield>
         <marc:subfield code="e">rda</marc:subfield>
         <marc:subfield code="c">FDA</marc:subfield>
      </marc:datafield>
      <marc:datafield tag="050" ind1=" " ind2="4">
         <marc:subfield code="a">TK145</marc:subfield>
      </marc:datafield>
      <marc:datafield tag="100" ind1="1" ind2=" ">
         <marc:subfield code="a">Adhikari, Atindra P.</marc:subfield>
         <marc:subfield code="q">(Atindra Prasad),</marc:subfield>
         <marc:subfield code="e">author</marc:subfield>
      </marc:datafield>
      <marc:datafield tag="245" ind1="1" ind2="0">
         <marc:subfield code="a">Comparative Performance Analysis of Grid-Tied MMC and VSC Converter /</marc:subfield>
         <marc:subfield code="c">by Atindra P. Adhikari</marc:subfield>
      </marc:datafield>
      <marc:datafield tag="264" ind1=" " ind2="1">
         <marc:subfield code="a">Tallahassee, Florida :</marc:subfield>
         <marc:subfield code="b">Florida State University,</marc:subfield>
         <marc:subfield code="c">2022</marc:subfield>
      </marc:datafield>
      <marc:datafield tag="300" ind1=" " ind2=" ">
         <marc:subfield code="a">1 online resource (123 pages)</marc:subfield>
      </marc:datafield>
      <marc:datafield tag="336" ind1=" " ind2=" ">
         <marc:subfield code="a">text</marc:subfield>
         <marc:subfield code="b">txt</marc:subfield>
         <marc:subfield code="2">rdacontent</marc:subfield>
      </marc:datafield>
      <marc:datafield tag="337" ind1=" " ind2=" ">
         <marc:subfield code="a">computer</marc:subfield>
         <marc:subfield code="b">c</marc:subfield>
         <marc:subfield code="2">rdamedia</marc:subfield>
      </marc:datafield>
      <marc:datafield tag="338" ind1=" " ind2=" ">
         <marc:subfield code="a">online resource</marc:subfield>
         <marc:subfield code="b">cr</marc:subfield>
         <marc:subfield code="2">rdacarrier</marc:subfield>
      </marc:datafield>
      <marc:datafield tag="347" ind1=" " ind2=" ">
         <marc:subfield code="a">text file</marc:subfield>
         <marc:subfield code="2">rdaft</marc:subfield>
      </marc:datafield>
      <marc:datafield tag="347" ind1=" " ind2=" ">
         <marc:subfield code="b">PDF</marc:subfield>
      </marc:datafield>
      <marc:datafield tag="538" ind1=" " ind2=" ">
         <marc:subfield code="a">System requirements: Adobe Reader or other PDF viewer.</marc:subfield>
      </marc:datafield>
      <marc:datafield tag="588" ind1=" " ind2=" ">
         <marc:subfield code="a">Description based on online resource; title from PDF title page.</marc:subfield>
      </marc:datafield>
      <marc:datafield tag="500" ind1=" " ind2=" ">
         <marc:subfield code="a">Extent pagination is PDF page count.</marc:subfield>
      </marc:datafield>
      <marc:datafield tag="500" ind1=" " ind2=" ">
         <marc:subfield code="a">Advisory committee: Md Omar Faruque, Professor Directing Thesis; Sastry Pamidi, Committee Member; Yuan Li, Committee Member.</marc:subfield>
      </marc:datafield>
      <marc:datafield tag="500" ind1=" " ind2=" ">
         <marc:subfield code="a">A Thesis submitted to the Department of Electrical and Computer Engineering in partial fulfillment of the requirements for the degree of Master of Science.</marc:subfield>
      </marc:datafield>
      <marc:datafield tag="500" ind1=" " ind2=" ">
         <marc:subfield code="a">Date of Defense: June 30, 2022.</marc:subfield>
      </marc:datafield>
      <marc:datafield tag="502" ind1=" " ind2=" ">
         <marc:subfield code="b">M.S.</marc:subfield>
         <marc:subfield code="c">Florida State University</marc:subfield>
         <marc:subfield code="d">2022.</marc:subfield>
      </marc:datafield>
      <marc:datafield tag="520" ind1="3" ind2=" ">
         <marc:subfield code="a">The conventional 2-level voltage source converter (VSC) was first commercialized in an HVDC project by ABB in 1997. This topology being cost effective, having simpler design and control attracted the vendors to be used in high power high voltage applications. Apart from the benefits, this topology also offered limitations which included; the requirement of bulky and expensive filters for the mitigation of low order harmonics in the output voltage waveform. These harmonics can be nullified by using high frequency switching which pushes the low order frequency spectrum to higher order frequencies which in turn affected in reducing the filter size but corresponded to another cumbersome issue of increased converter switching losses. Therefore there was always a conflicting design compromise between converter switching losses and the need for bulky harmonic filter for filtration. IGBTs being low to medium voltage rated devices which typically ranges from 1.7kV to 6.5kV, does not have the capability to withstand the full DC-link voltage. This brings us to another troublesome issue with conventional VSC which is, this topology requires series connected IGBTs to form the converter arm valves. This means that these switching devices requires sophisticated gate drives to maintain dynamic and static voltage balancing to ensure the simultaneous switching of all the IGBTs in the converter arm. This incommodious situation in turn limits the overall efficiency of 2-level VSC. This research is mainly aimed to make a comparison of VSC converters with a relatively new compact design solution to all the foregoing problems by modelling a 21-level Modular Multilevel Converter (MMC). As the name suggest multilevel, which eliminates the need of massive and expensive filter requirements and modular, which eliminates the need for series connected IGBTs when used in high power high voltage applications like HVDC. This converter topology regulates in lower switching frequency which in turn reduces the converter switching losses. The MMC system that has been studied in this work involves a 100kV DC converter station connected to a 220kV, 50Hz grid station connected with two 50MW parallel loads through successive transmission lines of 10km. This work compares modelling and design of grid-tied conventional VSC and MMC. Transformation of signals from ABC frame to direct-quadrature frame (dq0) and independent control of active and reactive power at point of common coupling (PCC) are done using vector current control technique. The Proportional (P) and Integral (I) gains are calculated using Modulus Optimum tuning criteria. The modulation technique used for conventional VSC is Sinusoidal Pulse Width Modulation (SPWM) and on the other hand Phase-Shifted Pulse Width Modulation (PS-PWM) has been used for MMC topology. The step time is set to 6.06e-6 s as the switching frequency of the converters is 1650Hz. The conventional VSC is realized using the Universal Bridge block from the Simulink library whereas the MMC is realized using the Half-Bridge MMC block and selecting aggregate model type. Both the converter topologies are analyzed and compared on the basis of their mathematical modelling of their AC dynamics, control complexity and stability conditions, output voltage quality, switching losses, total harmonic distortion (THD), harmonic spectrum analysis, filter requirement, cost and design structure and AC fault analysis. Based on result comparison it is found that MMC topology produces less voltage harmonics than the conventional VSC. The output current waveform of MMC is smooth whereas the VSC output waveform is full of ripples. This shows the need for AC harmonic filters at the converter output for the conventional VSC. The shifting of switching frequency to 3x fundamental frequency has minimum effect on the MMC topology based on the total harmonic distortion in the output voltage as compared to VSC. Although MMC is superior in every aspect but during AC faults the MMC shows more instability and high fault current as compared to VSC topology.</marc:subfield>
      </marc:datafield>
      <marc:datafield tag="504" ind1=" " ind2=" ">
         <marc:subfield code="a">Includes bibliographical references.</marc:subfield>
      </marc:datafield>
      <marc:datafield tag="650" ind1=" " ind2="0">
         <marc:subfield code="a">Electrical engineering</marc:subfield>
      </marc:datafield>
      <marc:datafield tag="655" ind1=" " ind2="7">
         <marc:subfield code="a">Electronic Thesis or Dissertation.</marc:subfield>
         <marc:subfield code="2">dct</marc:subfield>
      </marc:datafield>
      <marc:datafield tag="690" ind1=" " ind2="7">
         <marc:subfield code="a">FSU Dissertations.</marc:subfield>
         <marc:subfield code="2">local</marc:subfield>
         <marc:subfield code="9">LOCAL</marc:subfield>
      </marc:datafield>
      <marc:datafield tag="710" ind1="2" ind2=" ">
         <marc:subfield code="a">Florida State University.</marc:subfield>
         <marc:subfield code="e">degree granting institution.</marc:subfield>
         <marc:subfield code="0">http://id.loc.gov/authorities/names/n80126238</marc:subfield>
      </marc:datafield>
      <marc:datafield tag="856" ind1="4" ind2="0">
         <marc:subfield code="3">DigiNole</marc:subfield>
         <marc:subfield code="u">https://purl.lib.fsu.edu/diginole/2022_Summer_Adhikari_fsu_0071N_17218</marc:subfield>
         <marc:subfield code="y">Connect to online content:</marc:subfield>
      </marc:datafield>
      <marc:datafield tag="796" ind1="1" ind2=" ">
         <marc:subfield code="a">Faruque, Md Omar,</marc:subfield>
         <marc:subfield code="e">professor directing thesis</marc:subfield>
         <marc:subfield code="9">LOCAL</marc:subfield>
      </marc:datafield>
      <marc:datafield tag="796" ind1="1" ind2=" ">
         <marc:subfield code="a">Pamidi, Sastry V.,</marc:subfield>
         <marc:subfield code="e">committee member</marc:subfield>
         <marc:subfield code="9">LOCAL</marc:subfield>
      </marc:datafield>
      <marc:datafield tag="796" ind1="1" ind2=" ">
         <marc:subfield code="a">Li, Yuan,</marc:subfield>
         <marc:subfield code="e">committee member</marc:subfield>
         <marc:subfield code="9">LOCAL</marc:subfield>
      </marc:datafield>
      <marc:datafield tag="797" ind1="2" ind2=" ">
         <marc:subfield code="a">Florida State University.</marc:subfield>
         <marc:subfield code="b">Department of Electrical and Computer Engineering.</marc:subfield>
         <marc:subfield code="9">LOCAL</marc:subfield>
      </marc:datafield>
      <marc:datafield tag="904" ind1=" " ind2=" ">
         <marc:subfield code="a">0</marc:subfield>
         <marc:subfield code="9">LOCAL</marc:subfield>
      </marc:datafield>
   </marc:record>