
   <marc:record>
      <marc:leader>     nam  22      i 4500</marc:leader>
      <marc:controlfield tag="006">m     o  d        </marc:controlfield>
      <marc:controlfield tag="007">cr |||||||||||</marc:controlfield>
      <marc:controlfield tag="008">      s2022    flu     obm   000 0 fre d</marc:controlfield>
      <marc:datafield tag="040" ind1=" " ind2=" ">
         <marc:subfield code="a">FDA</marc:subfield>
         <marc:subfield code="b">eng</marc:subfield>
         <marc:subfield code="e">rda</marc:subfield>
         <marc:subfield code="c">FDA</marc:subfield>
      </marc:datafield>
      <marc:datafield tag="050" ind1=" " ind2="4">
         <marc:subfield code="a">PL8010</marc:subfield>
      </marc:datafield>
      <marc:datafield tag="100" ind1="1" ind2=" ">
         <marc:subfield code="a">Banini, Josiane Salome,</marc:subfield>
         <marc:subfield code="e">author</marc:subfield>
      </marc:datafield>
      <marc:datafield tag="245" ind1="1" ind2="0">
         <marc:subfield code="a">(Re)negotiating the Identity of the Contemporary Francophone Subsaharan in the Fiction of Léonora Miano, Calixthe Beyala, and Alain Mabanckou = La (Re)négociation Identitaire Du Subsaharien Francophone Contemporain Dans L'Écriture Romanesque De Léonora Miano, De Calixthe Beyala Et d'Alain Mabanckou /</marc:subfield>
         <marc:subfield code="c">by Josiane Salome Banini</marc:subfield>
      </marc:datafield>
      <marc:datafield tag="264" ind1=" " ind2="1">
         <marc:subfield code="a">Tallahassee, Florida :</marc:subfield>
         <marc:subfield code="b">Florida State University,</marc:subfield>
         <marc:subfield code="c">2022</marc:subfield>
      </marc:datafield>
      <marc:datafield tag="300" ind1=" " ind2=" ">
         <marc:subfield code="a">1 online resource (298 pages)</marc:subfield>
      </marc:datafield>
      <marc:datafield tag="336" ind1=" " ind2=" ">
         <marc:subfield code="a">text</marc:subfield>
         <marc:subfield code="b">txt</marc:subfield>
         <marc:subfield code="2">rdacontent</marc:subfield>
      </marc:datafield>
      <marc:datafield tag="337" ind1=" " ind2=" ">
         <marc:subfield code="a">computer</marc:subfield>
         <marc:subfield code="b">c</marc:subfield>
         <marc:subfield code="2">rdamedia</marc:subfield>
      </marc:datafield>
      <marc:datafield tag="338" ind1=" " ind2=" ">
         <marc:subfield code="a">online resource</marc:subfield>
         <marc:subfield code="b">cr</marc:subfield>
         <marc:subfield code="2">rdacarrier</marc:subfield>
      </marc:datafield>
      <marc:datafield tag="347" ind1=" " ind2=" ">
         <marc:subfield code="a">text file</marc:subfield>
         <marc:subfield code="2">rdaft</marc:subfield>
      </marc:datafield>
      <marc:datafield tag="347" ind1=" " ind2=" ">
         <marc:subfield code="b">PDF</marc:subfield>
      </marc:datafield>
      <marc:datafield tag="538" ind1=" " ind2=" ">
         <marc:subfield code="a">System requirements: Adobe Reader or other PDF viewer.</marc:subfield>
      </marc:datafield>
      <marc:datafield tag="588" ind1=" " ind2=" ">
         <marc:subfield code="a">Description based on online resource; title from PDF title page.</marc:subfield>
      </marc:datafield>
      <marc:datafield tag="500" ind1=" " ind2=" ">
         <marc:subfield code="a">Extent pagination is PDF page count.</marc:subfield>
      </marc:datafield>
      <marc:datafield tag="500" ind1=" " ind2=" ">
         <marc:subfield code="a">Advisory committee: Martin Munro, Professor Directing Dissertation; Martin Kavka, University Representative; Jeannine Murray-Román, Committee Member; Reinier Leushuis, Committee Member.</marc:subfield>
      </marc:datafield>
      <marc:datafield tag="500" ind1=" " ind2=" ">
         <marc:subfield code="a">A Dissertation submitted to the Department of Modern Languages and Linguistics in partial fulfillment of the requirements for the degree of Doctor of Philosophy.</marc:subfield>
      </marc:datafield>
      <marc:datafield tag="500" ind1=" " ind2=" ">
         <marc:subfield code="a">Date of Defense: May 27, 2022.</marc:subfield>
      </marc:datafield>
      <marc:datafield tag="502" ind1=" " ind2=" ">
         <marc:subfield code="b">Ph.D.</marc:subfield>
         <marc:subfield code="c">Florida State University</marc:subfield>
         <marc:subfield code="d">2022.</marc:subfield>
      </marc:datafield>
      <marc:datafield tag="520" ind1="3" ind2=" ">
         <marc:subfield code="a">The Senegalese writer Léopold Sédar Senghor is known for being a proponent of the cultural métissage, the Civilization of the Universal, the dialogue of cultures and the concept of humanism. He notably suggests the complementarity of different cultures and of populations as a basis for any great civilization, and he emphasizes the importance of exchange and dialogue among cultures. The idea of the multi-affiliation or identity has been the feature of the work of Francophone sub-Saharan authors Léonora Miano, Calixthe Beyala, and Alain Mabanckou. This dissertation explores the (re)negotiation of the sociocultural identity of contemporary francophone sub-Saharans in the 20th and 21st centuries with a focus on the works of Miano, Beyala, and Mabanckou. Through a close reading of my corpus, I examine how these authors present one or more facets constituting the new socio-cultural identity of sub-Saharans today. This study pays a particular attention to how these authors treat and rethink the notions of métissage, borderlands/frontière, Afropea, the African female body, gender roles, and identity. By highlighting the sociocultural and sexual realities that lead Sub-Saharans characters to define themselves as culturally hybrid/métis or as socially androgynous, I analyze the three authors’ treatment of the construction of their identity from a phenomenological, psychological, and sociological perspective. In my dissertation, I show how the renegotiation of sub-Saharans’ identity results from social and sexual emancipation in Beyala’s work; from cultural métissage in Mabanckou’s work; and/or from afropeanity or cultural hybridity in Miano’s work. In other words, this study shows how social norms, cultural heritage, and society shape gender roles and identity; how cultural experiences and openness to the Other affect the sub-Saharans’ vision of the world and their identity today. From a sociological perspective, chapter two analyzes the idea of a social androgyny as a subversive shift in gender roles to rethink the relationship between African women and men as social groups and to deconstruct social norms and the gaze of the Other concerning the representation of the African female body through Beyala’s oeuvre. Chapter three explores the impact of the western dream, “rêve occidental,” and the concept of “non-return” in the case of clandestine sub-Saharan migrants. I analyze how Mabanckou treats the questions of migration, of in-betweenness, and of non-return from a psychological standpoint by highlighting how lived experiences both in African and French societies shape and affect the identity of these sub-Saharans. Chapter four examines how the idea of Afropeanity in Miano’s work echoes in both Glissant’s theory of the poetics of relation, Senghor’s theory of the dialogue of cultures, and Mbembe’s cosmopolitanism to create a space in which sub-Saharans (including the non-migrant sub-Saharan) become cultural hybrids also known as “Afropeans” by living their adopted culture and simultaneously valuing their African roots. Through Miano’s work and from a phenomenological perspective, I show how they move consecutively from a space of uncomfortable in-betweenness to spaces of afropeanity and cosmopolitanism both by embracing cultural hybridity and diversity.</marc:subfield>
      </marc:datafield>
      <marc:datafield tag="504" ind1=" " ind2=" ">
         <marc:subfield code="a">Includes bibliographical references.</marc:subfield>
      </marc:datafield>
      <marc:datafield tag="506" ind1=" " ind2=" ">
         <marc:subfield code="a">This thesis/dissertation may be embargoed for a limited time. Click access link to check availability.</marc:subfield>
      </marc:datafield>
      <marc:datafield tag="650" ind1=" " ind2="0">
         <marc:subfield code="a">African literature</marc:subfield>
      </marc:datafield>
      <marc:datafield tag="651" ind1=" " ind2="0">
         <marc:subfield code="a">Africa</marc:subfield>
         <marc:subfield code="x">Civilization</marc:subfield>
      </marc:datafield>
      <marc:datafield tag="655" ind1=" " ind2="7">
         <marc:subfield code="a">Electronic Thesis or Dissertation.</marc:subfield>
         <marc:subfield code="2">dct</marc:subfield>
      </marc:datafield>
      <marc:datafield tag="690" ind1=" " ind2="7">
         <marc:subfield code="a">FSU Dissertations.</marc:subfield>
         <marc:subfield code="2">local</marc:subfield>
         <marc:subfield code="9">LOCAL</marc:subfield>
      </marc:datafield>
      <marc:datafield tag="710" ind1="2" ind2=" ">
         <marc:subfield code="a">Florida State University.</marc:subfield>
         <marc:subfield code="e">degree granting institution.</marc:subfield>
         <marc:subfield code="0">http://id.loc.gov/authorities/names/n80126238</marc:subfield>
      </marc:datafield>
      <marc:datafield tag="856" ind1="4" ind2="0">
         <marc:subfield code="3">DigiNole</marc:subfield>
         <marc:subfield code="u">https://purl.lib.fsu.edu/diginole/2022_Summer_Banini_fsu_0071E_17273</marc:subfield>
         <marc:subfield code="y">Connect to online content:</marc:subfield>
      </marc:datafield>
      <marc:datafield tag="796" ind1="1" ind2=" ">
         <marc:subfield code="a">Munro, Martin,</marc:subfield>
         <marc:subfield code="e">professor directing dissertation</marc:subfield>
         <marc:subfield code="9">LOCAL</marc:subfield>
      </marc:datafield>
      <marc:datafield tag="796" ind1="1" ind2=" ">
         <marc:subfield code="a">Kavka, Martin,</marc:subfield>
         <marc:subfield code="e">university representative</marc:subfield>
         <marc:subfield code="9">LOCAL</marc:subfield>
      </marc:datafield>
      <marc:datafield tag="796" ind1="1" ind2=" ">
         <marc:subfield code="a">Murray-Román, Jeannine,</marc:subfield>
         <marc:subfield code="d">1977-</marc:subfield>
         <marc:subfield code="e">committee member</marc:subfield>
         <marc:subfield code="9">LOCAL</marc:subfield>
      </marc:datafield>
      <marc:datafield tag="796" ind1="1" ind2=" ">
         <marc:subfield code="a">Leushuis, Reinier,</marc:subfield>
         <marc:subfield code="d">1969-</marc:subfield>
         <marc:subfield code="e">committee member</marc:subfield>
         <marc:subfield code="9">LOCAL</marc:subfield>
      </marc:datafield>
      <marc:datafield tag="797" ind1="2" ind2=" ">
         <marc:subfield code="a">Florida State University.</marc:subfield>
         <marc:subfield code="b">Department of Modern Languages and Linguistics.</marc:subfield>
         <marc:subfield code="9">LOCAL</marc:subfield>
      </marc:datafield>
      <marc:datafield tag="904" ind1=" " ind2=" ">
         <marc:subfield code="a">4</marc:subfield>
         <marc:subfield code="9">LOCAL</marc:subfield>
      </marc:datafield>
   </marc:record>