
   <marc:record>
      <marc:leader>     nam  22      i 4500</marc:leader>
      <marc:controlfield tag="006">m     o  d        </marc:controlfield>
      <marc:controlfield tag="007">cr |||||||||||</marc:controlfield>
      <marc:controlfield tag="008">      s2022    flu     obm   000 0 eng d</marc:controlfield>
      <marc:datafield tag="040" ind1=" " ind2=" ">
         <marc:subfield code="a">FDA</marc:subfield>
         <marc:subfield code="b">eng</marc:subfield>
         <marc:subfield code="e">rda</marc:subfield>
         <marc:subfield code="c">FDA</marc:subfield>
      </marc:datafield>
      <marc:datafield tag="050" ind1=" " ind2="4">
         <marc:subfield code="a">P121</marc:subfield>
      </marc:datafield>
      <marc:datafield tag="100" ind1="1" ind2=" ">
         <marc:subfield code="a">Bates, Daniel,</marc:subfield>
         <marc:subfield code="e">author</marc:subfield>
      </marc:datafield>
      <marc:datafield tag="245" ind1="1" ind2="0">
         <marc:subfield code="a">Second Language Perception of Spanish Monophthongal Vowels /</marc:subfield>
         <marc:subfield code="c">by Daniel Bates</marc:subfield>
      </marc:datafield>
      <marc:datafield tag="264" ind1=" " ind2="1">
         <marc:subfield code="a">Tallahassee, Florida :</marc:subfield>
         <marc:subfield code="b">Florida State University,</marc:subfield>
         <marc:subfield code="c">2022</marc:subfield>
      </marc:datafield>
      <marc:datafield tag="300" ind1=" " ind2=" ">
         <marc:subfield code="a">1 online resource (228 pages)</marc:subfield>
      </marc:datafield>
      <marc:datafield tag="336" ind1=" " ind2=" ">
         <marc:subfield code="a">text</marc:subfield>
         <marc:subfield code="b">txt</marc:subfield>
         <marc:subfield code="2">rdacontent</marc:subfield>
      </marc:datafield>
      <marc:datafield tag="337" ind1=" " ind2=" ">
         <marc:subfield code="a">computer</marc:subfield>
         <marc:subfield code="b">c</marc:subfield>
         <marc:subfield code="2">rdamedia</marc:subfield>
      </marc:datafield>
      <marc:datafield tag="338" ind1=" " ind2=" ">
         <marc:subfield code="a">online resource</marc:subfield>
         <marc:subfield code="b">cr</marc:subfield>
         <marc:subfield code="2">rdacarrier</marc:subfield>
      </marc:datafield>
      <marc:datafield tag="347" ind1=" " ind2=" ">
         <marc:subfield code="a">text file</marc:subfield>
         <marc:subfield code="2">rdaft</marc:subfield>
      </marc:datafield>
      <marc:datafield tag="347" ind1=" " ind2=" ">
         <marc:subfield code="b">PDF</marc:subfield>
      </marc:datafield>
      <marc:datafield tag="538" ind1=" " ind2=" ">
         <marc:subfield code="a">System requirements: Adobe Reader or other PDF viewer.</marc:subfield>
      </marc:datafield>
      <marc:datafield tag="588" ind1=" " ind2=" ">
         <marc:subfield code="a">Description based on online resource; title from PDF title page.</marc:subfield>
      </marc:datafield>
      <marc:datafield tag="500" ind1=" " ind2=" ">
         <marc:subfield code="a">Extent pagination is PDF page count.</marc:subfield>
      </marc:datafield>
      <marc:datafield tag="500" ind1=" " ind2=" ">
         <marc:subfield code="a">Advisory committee: Carolina González, Professor Directing Dissertation; Russell Almond, University Representative; Gretchen Sunderman, Committee Member; Antje Muntendam, Committee Member.</marc:subfield>
      </marc:datafield>
      <marc:datafield tag="500" ind1=" " ind2=" ">
         <marc:subfield code="a">A Dissertation submitted to the Department of Modern Languages and Linguistics in partial fulfillment of the requirements for the degree of Doctor of Philosophy.</marc:subfield>
      </marc:datafield>
      <marc:datafield tag="500" ind1=" " ind2=" ">
         <marc:subfield code="a">Date of Defense: April 18, 2022.</marc:subfield>
      </marc:datafield>
      <marc:datafield tag="500" ind1=" " ind2=" ">
         <marc:subfield code="a">Keywords: acquisition, perception, phonetics, phonology, Spanish, vowels.</marc:subfield>
      </marc:datafield>
      <marc:datafield tag="502" ind1=" " ind2=" ">
         <marc:subfield code="b">Ph.D.</marc:subfield>
         <marc:subfield code="c">Florida State University</marc:subfield>
         <marc:subfield code="d">2022.</marc:subfield>
      </marc:datafield>
      <marc:datafield tag="520" ind1="3" ind2=" ">
         <marc:subfield code="a">This dissertation research examines the acquisition of second language vowels. For second language learners, learning a new languages’ sound inventory, particularly its vowels, presents a challenge perceptually and in terms of production. Incorrectly perceiving and producing sounds in a second language results in a foreign accent in many adult learners (Flege, 1995), as mental representations of second language sounds have not been properly established in the mind of the learner (Best, 1991). Vowel sounds are particularly relevant in discussion of foreign-accented speech.Second language vowel perception has received relatively little attention in recent literature, especially for English speakers learning Spanish as a second language. Often, empirical findings are inconsistent with each other. For example, Gordon (2011) found that, perceptually, learners struggle with Spanish vowels /i/ and /e/, interpreting them as English vowels /ɪ/ and /ɛ/, respectively. Garcia de las Bayonas (2004; 2008) indicates that learners struggle most perceiving /u/ and /e/. Most research on the acquisition of these vowels focuses on learner production rather than perception, with equally inconsistent findings (see, for example, Cobb &amp; Simonet, 2015; Menke &amp; Face, 2010). Additionally, the role of syllable stress is often not incorporated into these studies despite the importance of syllable stress in saliency and understanding. These gaps in the literature present an exciting opportunity to understand these acquisitional processes, beginning with the under-studied role of perception. Building on the methodology of Garcia de las Bayonas (2004) and other perceptual studies, this remotely conducted study explores the perception of Spanish vowels by English-speaking learners with special attention paid to the role of syllable stress. Efforts are made to better understand (1) at what point these learners establish the mental representations necessary for Spanish vowel sounds, (2) which English vowels interfere with this learning process, and (3) the role of syllable stress in vowel perception. Participants included 243 Spanish learners in seven different levels of Spanish learning, indicated by class enrollment. The methodology include a discrimination task and an identification task. In the discrimination task, participants hea two disyllabic Spanish words and are asked to decide if the words were different or identical. In the identification task, participants are given a disyllabic Spanish word with one vowel highlighted. Participants are provided with five vowel sounds and select which of the sound options belonged with the highlighted vowel. The options consist of both Spanish and English vowel sound options. Confidence levels (on a scale of 1-7) are reported for all responses. Results from the first task indicate that vowels in stressed syllables are easier to perceive for all groups. For less-experienced learners, discriminating between the Spanish vowels /o/ and /u/ prove to be most difficult, as these vowels differ acoustically much more than their English vowel equivalents. The results of this task indicate that students in their fourth semester of learning (and those more advanced) performed statistically similar to native speaker controls. The identification task reveals that learners struggle to correctly identify the Spanish vowels /e/ and /a/. When asked to identify the vowel /e/, many learners select the English vowels /ɛ/, and especially /ɪ/. For items targeting /a/, many participants select /æ/, /ɑ/ and the reduced vowel schwa [ə]. These results indicate that these English vowels cause the most interference for learners learning Spanish, resulting in Multiple-category Assimilation (Best, 1991; Escudero &amp; Boersma, 2002). Results from this task also indicate that learners in their 4th semester, and those who are more advanced, tend to make selections statistically similar to native Spanish speakers. The results of this study indicate that by the end of the second year of classroom study, many second language Spanish learners have established mental representations for the vowels of Spanish. Language dominance scores are also collected from each participant (using the Bilingual Language Profile (Birdsong, Gertken, &amp; Amengual, 2012)), which were found to have a strong linear correlation with performance in both tasks, both in terms of accuracy and reported confidence levels. This supports the notion that the more a person uses a language, the better established their phonological inventory will be. Measures of language proficiency and language attitudes are also found to be correlated with participants’ accuracy and confidence levels. These findings support theoretical claims made by the Perceptual Assimilation Model (Best, 1991), and shows the process by which mental representations are established for second language phones. Future studies should explore these results in conjunction with vowel production while not forgetting the effect of syllable stress.</marc:subfield>
      </marc:datafield>
      <marc:datafield tag="504" ind1=" " ind2=" ">
         <marc:subfield code="a">Includes bibliographical references.</marc:subfield>
      </marc:datafield>
      <marc:datafield tag="650" ind1=" " ind2="0">
         <marc:subfield code="a">Linguistics</marc:subfield>
      </marc:datafield>
      <marc:datafield tag="655" ind1=" " ind2="7">
         <marc:subfield code="a">Electronic Thesis or Dissertation.</marc:subfield>
         <marc:subfield code="2">dct</marc:subfield>
      </marc:datafield>
      <marc:datafield tag="690" ind1=" " ind2="7">
         <marc:subfield code="a">FSU Dissertations.</marc:subfield>
         <marc:subfield code="2">local</marc:subfield>
         <marc:subfield code="9">LOCAL</marc:subfield>
      </marc:datafield>
      <marc:datafield tag="710" ind1="2" ind2=" ">
         <marc:subfield code="a">Florida State University.</marc:subfield>
         <marc:subfield code="e">degree granting institution.</marc:subfield>
         <marc:subfield code="0">http://id.loc.gov/authorities/names/n80126238</marc:subfield>
      </marc:datafield>
      <marc:datafield tag="856" ind1="4" ind2="0">
         <marc:subfield code="3">DigiNole</marc:subfield>
         <marc:subfield code="u">https://purl.lib.fsu.edu/diginole/2022_Summer_Bates_fsu_0071E_17231</marc:subfield>
         <marc:subfield code="y">Connect to online content:</marc:subfield>
      </marc:datafield>
      <marc:datafield tag="796" ind1="1" ind2=" ">
         <marc:subfield code="a">González, Carolina,</marc:subfield>
         <marc:subfield code="e">professor directing dissertation</marc:subfield>
         <marc:subfield code="9">LOCAL</marc:subfield>
      </marc:datafield>
      <marc:datafield tag="796" ind1="1" ind2=" ">
         <marc:subfield code="a">Almond, Russell G.,</marc:subfield>
         <marc:subfield code="e">university representative</marc:subfield>
         <marc:subfield code="9">LOCAL</marc:subfield>
      </marc:datafield>
      <marc:datafield tag="796" ind1="1" ind2=" ">
         <marc:subfield code="a">Sunderman, Gretchen L.,</marc:subfield>
         <marc:subfield code="e">committee member</marc:subfield>
         <marc:subfield code="9">LOCAL</marc:subfield>
      </marc:datafield>
      <marc:datafield tag="796" ind1="1" ind2=" ">
         <marc:subfield code="a">Muntendam, Antje,</marc:subfield>
         <marc:subfield code="e">committee member</marc:subfield>
         <marc:subfield code="9">LOCAL</marc:subfield>
      </marc:datafield>
      <marc:datafield tag="797" ind1="2" ind2=" ">
         <marc:subfield code="a">Florida State University.</marc:subfield>
         <marc:subfield code="b">Department of Modern Languages and Linguistics.</marc:subfield>
         <marc:subfield code="9">LOCAL</marc:subfield>
      </marc:datafield>
      <marc:datafield tag="904" ind1=" " ind2=" ">
         <marc:subfield code="a">0</marc:subfield>
         <marc:subfield code="9">LOCAL</marc:subfield>
      </marc:datafield>
   </marc:record>