
   <marc:record>
      <marc:leader>     nam  22      i 4500</marc:leader>
      <marc:controlfield tag="006">m     o  d        </marc:controlfield>
      <marc:controlfield tag="007">cr |||||||||||</marc:controlfield>
      <marc:controlfield tag="008">      s2022    flu     obm   000 0 eng d</marc:controlfield>
      <marc:datafield tag="040" ind1=" " ind2=" ">
         <marc:subfield code="a">FDA</marc:subfield>
         <marc:subfield code="b">eng</marc:subfield>
         <marc:subfield code="e">rda</marc:subfield>
         <marc:subfield code="c">FDA</marc:subfield>
      </marc:datafield>
      <marc:datafield tag="050" ind1=" " ind2="4">
         <marc:subfield code="a">ML3797</marc:subfield>
      </marc:datafield>
      <marc:datafield tag="100" ind1="1" ind2=" ">
         <marc:subfield code="a">Bishop, Caroline,</marc:subfield>
         <marc:subfield code="e">author</marc:subfield>
      </marc:datafield>
      <marc:datafield tag="245" ind1="1" ind2="2">
         <marc:subfield code="a">A Modernist Mending of the Mind-Body Split? Historicizing the Ideals of Musicality and Embodiment in the Eurhythmics of Émile Jaques-Dalcroze /</marc:subfield>
         <marc:subfield code="c">by Caroline Bishop</marc:subfield>
      </marc:datafield>
      <marc:datafield tag="264" ind1=" " ind2="1">
         <marc:subfield code="a">Tallahassee, Florida :</marc:subfield>
         <marc:subfield code="b">Florida State University,</marc:subfield>
         <marc:subfield code="c">2022</marc:subfield>
      </marc:datafield>
      <marc:datafield tag="300" ind1=" " ind2=" ">
         <marc:subfield code="a">1 online resource (309 pages)</marc:subfield>
      </marc:datafield>
      <marc:datafield tag="336" ind1=" " ind2=" ">
         <marc:subfield code="a">text</marc:subfield>
         <marc:subfield code="b">txt</marc:subfield>
         <marc:subfield code="2">rdacontent</marc:subfield>
      </marc:datafield>
      <marc:datafield tag="337" ind1=" " ind2=" ">
         <marc:subfield code="a">computer</marc:subfield>
         <marc:subfield code="b">c</marc:subfield>
         <marc:subfield code="2">rdamedia</marc:subfield>
      </marc:datafield>
      <marc:datafield tag="338" ind1=" " ind2=" ">
         <marc:subfield code="a">online resource</marc:subfield>
         <marc:subfield code="b">cr</marc:subfield>
         <marc:subfield code="2">rdacarrier</marc:subfield>
      </marc:datafield>
      <marc:datafield tag="347" ind1=" " ind2=" ">
         <marc:subfield code="a">text file</marc:subfield>
         <marc:subfield code="2">rdaft</marc:subfield>
      </marc:datafield>
      <marc:datafield tag="347" ind1=" " ind2=" ">
         <marc:subfield code="b">PDF</marc:subfield>
      </marc:datafield>
      <marc:datafield tag="538" ind1=" " ind2=" ">
         <marc:subfield code="a">System requirements: Adobe Reader or other PDF viewer.</marc:subfield>
      </marc:datafield>
      <marc:datafield tag="588" ind1=" " ind2=" ">
         <marc:subfield code="a">Description based on online resource; title from PDF title page.</marc:subfield>
      </marc:datafield>
      <marc:datafield tag="500" ind1=" " ind2=" ">
         <marc:subfield code="a">Extent pagination is PDF page count.</marc:subfield>
      </marc:datafield>
      <marc:datafield tag="500" ind1=" " ind2=" ">
         <marc:subfield code="a">Advisory committee: Denise Von Glahn, Professor Directing Dissertation; John Corrigan, University Representative; Charles E. Brewer, Committee Member; Michael Broyles, Committee Member.</marc:subfield>
      </marc:datafield>
      <marc:datafield tag="500" ind1=" " ind2=" ">
         <marc:subfield code="a">A Dissertation submitted to the College of Music in partial fulfillment of the requirements for the degree of Doctor of Philosophy.</marc:subfield>
      </marc:datafield>
      <marc:datafield tag="500" ind1=" " ind2=" ">
         <marc:subfield code="a">Date of Defense: April 13, 2022.</marc:subfield>
      </marc:datafield>
      <marc:datafield tag="502" ind1=" " ind2=" ">
         <marc:subfield code="b">Ph.D.</marc:subfield>
         <marc:subfield code="c">Florida State University</marc:subfield>
         <marc:subfield code="d">2022.</marc:subfield>
      </marc:datafield>
      <marc:datafield tag="520" ind1="3" ind2=" ">
         <marc:subfield code="a">Swiss composer, educator, and creator of eurhythmics Émile Jaques-Dalcroze (1865-1950) oriented his pedagogical philosophy around the concept of unifying the mind-body split, the ontology that is often attributed to René Descartes and Western traditions of thought. In this dissertation I consider how Jaques-Dalcroze sought to instrumentalize music and musicality toward mind-body unity and how contemporary Dalcroze Eurhythmics practice remains committed to giving students the sense of returning to their bodies and becoming whole, integrated selves, and in the process finding joy and interconnectedness. The term “eurhythmics,” not a coinage of Jaques-Dalcroze himself, uses the Greek prefix eu- to signify the goodness, health, and ease that early practitioners observed to be its benefits. The study draws upon analyses and histories of modernism from the fields of literature, cultural geography, and musicology to place eurhythmics within the discourse of modernism in a way that previous scholarship has not yet done. Within musicology, the past thirty years or so have witnessed a fruition of scholarship on embodiment. At the outset of this movement to include the body more explicitly and more thoughtfully in scholarly analyses of music, such work represented a necessary counterbalance to existing paradigms. Now that embodiment is a well-developed terrain in the discipline, it is possible to position Jaques-Dalcroze, a figure whose work centralizes the body, in this musicological tradition and to think about what a history of his eurhythmics can add to our understanding of musical modernism. It is instructive to think of Jaques-Dalcroze as a modernist artist both because of the role he assigned to music and more specifically because of his preoccupation with rhythm. Rhythm was a topic of great interest to philosophers, physicians, painters, and acousticians at the turn of the twentieth century in Europe and America; in fact, it would be difficult to name a field in which rhythm did not garner excitement. Influenced by his rhythm-obsessed milieu and by German Idealism, Jaques-Dalcroze conceived of music as transcendent, and though eurhythmics is ostensibly about the mind-body unification that he described in his own writings, he also frequently expressed a desire for music to help transcend the trappings of physicality. He often wrote about “absolute” music as the highest form of music. I argue that this is because, paradoxically, he feared the sensuality of the body and the diversity of human bodily forms. The major critique that runs throughout the dissertation is thus that Jaques-Dalcroze’s claim for eurhythmics as a restorative force in the face of fin-de siècle decadence and later after the destruction of the First World War was not equitably conceived. Rather, it was ineluctably marred by his commitment to sexist, racialist, and ethnonationalist views. He was a believer in the utopia and universality of rhythmic movement at the same time as he professed anti-Semitic and anti-Black views. Jaques-Dalcroze’s career trajectory is telling as to how he came to espouse his discriminatory views. He framed his experience of non-Western musics in French-colonized Algiers as the impetus to centralizing rhythm in his pedagogy. His accounts of this time of inspiration are marked by the anti-Black racialized stereotyping that was endemic to the colonizer perspective within many colonialist contexts. I argue that histories of eurhythmics must no longer recapitulate the existing pattern in scholarship that for the most part overlooks the racialism embedded in Jaques-Dalcroze’s recollections of the creative stimulus he found abroad. His later involvement with German industrialists and architects enabled him to play out an idea of a eurhythmic utopia at Hellerau, near Dresden. It is evident that Jaques-Dalcroze associated himself with staunch anti-Semites there, but it is likely that his own anti-Semitism predated those associations. By examining textual evidence supplemented with iconography, I reconstruct a history of eurhythmics as it existed under the auspices of its creator. I focus on the early period of this history, from the 1880s to about 1930, and on continental European settings, even as eurhythmics found enthusiastic support in England and America by 1920. My delimitations allow me to conclude that Jaques-Dalcroze was a product of a period of intense ethnonationalist sentiment, and while he might be dismissed by some as merely a product of his time, I maintain that historical relativism should not excuse his racist biases. When we discuss Jaques-Dalcroze’s premise of mind-body unity today, we should account for his intent to include only certain groups of people in this utopian construction.</marc:subfield>
      </marc:datafield>
      <marc:datafield tag="504" ind1=" " ind2=" ">
         <marc:subfield code="a">Includes bibliographical references.</marc:subfield>
      </marc:datafield>
      <marc:datafield tag="650" ind1=" " ind2="0">
         <marc:subfield code="a">Music</marc:subfield>
         <marc:subfield code="x">History and criticism</marc:subfield>
      </marc:datafield>
      <marc:datafield tag="650" ind1=" " ind2="0">
         <marc:subfield code="a">Music</marc:subfield>
         <marc:subfield code="x">Instruction and study</marc:subfield>
      </marc:datafield>
      <marc:datafield tag="655" ind1=" " ind2="7">
         <marc:subfield code="a">Electronic Thesis or Dissertation.</marc:subfield>
         <marc:subfield code="2">dct</marc:subfield>
      </marc:datafield>
      <marc:datafield tag="690" ind1=" " ind2="7">
         <marc:subfield code="a">FSU Dissertations.</marc:subfield>
         <marc:subfield code="2">local</marc:subfield>
         <marc:subfield code="9">LOCAL</marc:subfield>
      </marc:datafield>
      <marc:datafield tag="710" ind1="2" ind2=" ">
         <marc:subfield code="a">Florida State University.</marc:subfield>
         <marc:subfield code="e">degree granting institution.</marc:subfield>
         <marc:subfield code="0">http://id.loc.gov/authorities/names/n80126238</marc:subfield>
      </marc:datafield>
      <marc:datafield tag="856" ind1="4" ind2="0">
         <marc:subfield code="3">DigiNole</marc:subfield>
         <marc:subfield code="u">https://purl.lib.fsu.edu/diginole/2022_Summer_Bishop_fsu_0071E_17121</marc:subfield>
         <marc:subfield code="y">Connect to online content:</marc:subfield>
      </marc:datafield>
      <marc:datafield tag="796" ind1="1" ind2=" ">
         <marc:subfield code="a">Von Glahn, Denise,</marc:subfield>
         <marc:subfield code="d">1950-</marc:subfield>
         <marc:subfield code="e">professor directing dissertation</marc:subfield>
         <marc:subfield code="9">LOCAL</marc:subfield>
      </marc:datafield>
      <marc:datafield tag="796" ind1="1" ind2=" ">
         <marc:subfield code="a">Corrigan, John,</marc:subfield>
         <marc:subfield code="d">1952-</marc:subfield>
         <marc:subfield code="e">university representative</marc:subfield>
         <marc:subfield code="9">LOCAL</marc:subfield>
      </marc:datafield>
      <marc:datafield tag="796" ind1="1" ind2=" ">
         <marc:subfield code="a">Brewer, Charles E.</marc:subfield>
         <marc:subfield code="q">(Charles Everett),</marc:subfield>
         <marc:subfield code="e">committee member</marc:subfield>
         <marc:subfield code="9">LOCAL</marc:subfield>
      </marc:datafield>
      <marc:datafield tag="796" ind1="1" ind2=" ">
         <marc:subfield code="a">Broyles, Michael,</marc:subfield>
         <marc:subfield code="d">1939-</marc:subfield>
         <marc:subfield code="e">committee member</marc:subfield>
         <marc:subfield code="9">LOCAL</marc:subfield>
      </marc:datafield>
      <marc:datafield tag="797" ind1="2" ind2=" ">
         <marc:subfield code="a">Florida State University.</marc:subfield>
         <marc:subfield code="b">College of Music.</marc:subfield>
         <marc:subfield code="9">LOCAL</marc:subfield>
      </marc:datafield>
      <marc:datafield tag="904" ind1=" " ind2=" ">
         <marc:subfield code="a">0</marc:subfield>
         <marc:subfield code="9">LOCAL</marc:subfield>
      </marc:datafield>
   </marc:record>