
   <marc:record>
      <marc:leader>     nam  22      i 4500</marc:leader>
      <marc:controlfield tag="006">m     o  d        </marc:controlfield>
      <marc:controlfield tag="007">cr |||||||||||</marc:controlfield>
      <marc:controlfield tag="008">      s2022    flu     obm   000 0 eng d</marc:controlfield>
      <marc:datafield tag="040" ind1=" " ind2=" ">
         <marc:subfield code="a">FDA</marc:subfield>
         <marc:subfield code="b">eng</marc:subfield>
         <marc:subfield code="e">rda</marc:subfield>
         <marc:subfield code="c">FDA</marc:subfield>
      </marc:datafield>
      <marc:datafield tag="050" ind1=" " ind2="4">
         <marc:subfield code="a">GV713</marc:subfield>
      </marc:datafield>
      <marc:datafield tag="100" ind1="1" ind2=" ">
         <marc:subfield code="a">Chen, Zhenyan,</marc:subfield>
         <marc:subfield code="e">author</marc:subfield>
      </marc:datafield>
      <marc:datafield tag="245" ind1="1" ind2="0">
         <marc:subfield code="a">Neoliberal Globalization and Mediated Sport Fandom :</marc:subfield>
         <marc:subfield code="b">A Study of Chinese Distant Fans /</marc:subfield>
         <marc:subfield code="c">by Zhenyan Chen</marc:subfield>
      </marc:datafield>
      <marc:datafield tag="264" ind1=" " ind2="1">
         <marc:subfield code="a">Tallahassee, Florida :</marc:subfield>
         <marc:subfield code="b">Florida State University,</marc:subfield>
         <marc:subfield code="c">2022</marc:subfield>
      </marc:datafield>
      <marc:datafield tag="300" ind1=" " ind2=" ">
         <marc:subfield code="a">1 online resource (249 pages)</marc:subfield>
      </marc:datafield>
      <marc:datafield tag="336" ind1=" " ind2=" ">
         <marc:subfield code="a">text</marc:subfield>
         <marc:subfield code="b">txt</marc:subfield>
         <marc:subfield code="2">rdacontent</marc:subfield>
      </marc:datafield>
      <marc:datafield tag="337" ind1=" " ind2=" ">
         <marc:subfield code="a">computer</marc:subfield>
         <marc:subfield code="b">c</marc:subfield>
         <marc:subfield code="2">rdamedia</marc:subfield>
      </marc:datafield>
      <marc:datafield tag="338" ind1=" " ind2=" ">
         <marc:subfield code="a">online resource</marc:subfield>
         <marc:subfield code="b">cr</marc:subfield>
         <marc:subfield code="2">rdacarrier</marc:subfield>
      </marc:datafield>
      <marc:datafield tag="347" ind1=" " ind2=" ">
         <marc:subfield code="a">text file</marc:subfield>
         <marc:subfield code="2">rdaft</marc:subfield>
      </marc:datafield>
      <marc:datafield tag="347" ind1=" " ind2=" ">
         <marc:subfield code="b">PDF</marc:subfield>
      </marc:datafield>
      <marc:datafield tag="538" ind1=" " ind2=" ">
         <marc:subfield code="a">System requirements: Adobe Reader or other PDF viewer.</marc:subfield>
      </marc:datafield>
      <marc:datafield tag="588" ind1=" " ind2=" ">
         <marc:subfield code="a">Description based on online resource; title from PDF title page.</marc:subfield>
      </marc:datafield>
      <marc:datafield tag="500" ind1=" " ind2=" ">
         <marc:subfield code="a">Extent pagination is PDF page count.</marc:subfield>
      </marc:datafield>
      <marc:datafield tag="500" ind1=" " ind2=" ">
         <marc:subfield code="a">Advisory committee: Joshua I. Newman, Professor Directing Dissertation; David W. Eccles, University Representative; Jeffrey D. James, Committee Member; James Du, Committee Member.</marc:subfield>
      </marc:datafield>
      <marc:datafield tag="500" ind1=" " ind2=" ">
         <marc:subfield code="a">A Dissertation submitted to the Department of Sport Management in partial fulfillment of the requirements for the degree of Doctor of Philosophy.</marc:subfield>
      </marc:datafield>
      <marc:datafield tag="500" ind1=" " ind2=" ">
         <marc:subfield code="a">Date of Defense: May 24, 2022.</marc:subfield>
      </marc:datafield>
      <marc:datafield tag="502" ind1=" " ind2=" ">
         <marc:subfield code="b">Ph.D.</marc:subfield>
         <marc:subfield code="c">Florida State University</marc:subfield>
         <marc:subfield code="d">2022.</marc:subfield>
      </marc:datafield>
      <marc:datafield tag="520" ind1="3" ind2=" ">
         <marc:subfield code="a">The intensified process of globalization has reconfigured the formation and composition of sport fandom, which was—for a long period of time throughout history—rooted in local social practices and identities. With advances in telecommunication technology, today, many people follow, support, and identify with sport teams at a distance; they become ‘distant sport fans.’ In this project, I seek to understand the formation of distant sport fandom. Research pertaining to sport fandom has been generally conducted from two decoupled perspectives, yet complicit in studying local sport fans. Sport marketing scholars have focused on the psychological connection between fans and a sport team. While meaningfully theorizing the formation of fan’s identification towards a sport team, this approach can be bolstered by accounting for some important nuances that are situated in the context of sport fandom. Conversely, researchers of sport sociology have recognized the context that has made the contemporary fan identity a consumer identity in nature. However, many sociologists have not studied how, at the individual level, a fan identity is formed. This project marks an attempt to integrate these different fields of inquiry in presenting a more complex understanding of sport fandom and the formation of fan identity in the age of neoliberal globalization. Specifically, drawing upon theoretical perspectives that seek to explore the historically-specific conjunctures of what is often referred to as the ‘neoliberal condition,’ I aim to understand how structural forces shape the processes through which distant fan identities are formed. Upon reviewing the relevant literature, I believe mediation is an important concept for us to deconstruct and understand how our daily experiences, ways of perceiving, and social relations are deeply embedded within the advanced capitalist mode of production as we continue living our lives in a mass-mediated world or the “spectacle” in Guy Debord’s (2014) words. In this project, I chose to focus on the case of Chinese distant soccer fans. By interviewing some Chinese distant fans of Bayern Munich within a certain local context, such an inquiry allowed me to highlight the importance of context in studying sport fandom, while also taking an individual’s psychological connection to a distant sport team into consideration. Based on the online semi-structured interviews conducted, I discovered that, since distant fans rely on contextualized media outlets as their major access to a foreign sport team, they are likely to form their connection to a distant team based on some unique team objects, differing from the previously studied local fans. Sport fandom is contextualized in a particular local setting when distant fans’ experiences with a team are mediated by global (the team itself and the foreign sponsors of a team) and local mediators (the domestic sponsors of a team, fans’ social relations, streaming companies within a local context, and the local government) across the global-local conjunctures. To further complicate the scenario, fans’ experiences with a team can also be mediated by the interplay between global and local mediation, leading to their unique meaning-making of a distant sport team within a certain local context. For instance, some Chinese distant fans believed that their favorite soccer team should stay away from the political sphere so that the team would not be banned by the Chinese government; this meaning-making interestingly differs from how local fans usually make sense of a sport team now in the west. The profound schematics of mediation then lead us to consider the extent to which structural forces can shape the ways through which distant fandom is formed in the contemporary era of neoliberalization. My project implicates that the expansion of the global soccer industry and China’s neoliberalization may constitute the growth of distant fandom in the context of China. Through new ways of media production, soccer culture has been disseminated primarily for the purpose of establishing a sport consumer’s attachment to a team. In the context of China, the global expansion of the soccer industry leads to the formation of new fan communities with some Chinese characteristics. Distant fandom can also be regarded as a neoliberal project that has been created alongside China’s economic opening-up. By identifying with a distant sport team, distant fans in China not only respond to but also carry forth the aforementioned structural forces, perpetuating and reproducing the further global and local progression of neoliberalization. In these ways, I explicated how individuals become distant spectators and how that process of identification might lead to different perceptions, intentions, and identities from the previously researched local fans.</marc:subfield>
      </marc:datafield>
      <marc:datafield tag="504" ind1=" " ind2=" ">
         <marc:subfield code="a">Includes bibliographical references.</marc:subfield>
      </marc:datafield>
      <marc:datafield tag="650" ind1=" " ind2="0">
         <marc:subfield code="a">Sports administration</marc:subfield>
      </marc:datafield>
      <marc:datafield tag="655" ind1=" " ind2="7">
         <marc:subfield code="a">Electronic Thesis or Dissertation.</marc:subfield>
         <marc:subfield code="2">dct</marc:subfield>
      </marc:datafield>
      <marc:datafield tag="690" ind1=" " ind2="7">
         <marc:subfield code="a">FSU Dissertations.</marc:subfield>
         <marc:subfield code="2">local</marc:subfield>
         <marc:subfield code="9">LOCAL</marc:subfield>
      </marc:datafield>
      <marc:datafield tag="710" ind1="2" ind2=" ">
         <marc:subfield code="a">Florida State University.</marc:subfield>
         <marc:subfield code="e">degree granting institution.</marc:subfield>
         <marc:subfield code="0">http://id.loc.gov/authorities/names/n80126238</marc:subfield>
      </marc:datafield>
      <marc:datafield tag="856" ind1="4" ind2="0">
         <marc:subfield code="3">DigiNole</marc:subfield>
         <marc:subfield code="u">https://purl.lib.fsu.edu/diginole/2022_Summer_Chen_fsu_0071E_17354</marc:subfield>
         <marc:subfield code="y">Connect to online content:</marc:subfield>
      </marc:datafield>
      <marc:datafield tag="796" ind1="1" ind2=" ">
         <marc:subfield code="a">Newman, Joshua I.,</marc:subfield>
         <marc:subfield code="d">1976-</marc:subfield>
         <marc:subfield code="e">professor directing dissertation</marc:subfield>
         <marc:subfield code="9">LOCAL</marc:subfield>
      </marc:datafield>
      <marc:datafield tag="796" ind1="1" ind2=" ">
         <marc:subfield code="a">Eccles, David W.,</marc:subfield>
         <marc:subfield code="e">university representative</marc:subfield>
         <marc:subfield code="9">LOCAL</marc:subfield>
      </marc:datafield>
      <marc:datafield tag="796" ind1="1" ind2=" ">
         <marc:subfield code="a">James, Jeffrey D.</marc:subfield>
         <marc:subfield code="q">(Jeffrey Dalton),</marc:subfield>
         <marc:subfield code="e">committee member</marc:subfield>
         <marc:subfield code="9">LOCAL</marc:subfield>
      </marc:datafield>
      <marc:datafield tag="796" ind1="1" ind2=" ">
         <marc:subfield code="a">Du, James,</marc:subfield>
         <marc:subfield code="e">committee member</marc:subfield>
         <marc:subfield code="9">LOCAL</marc:subfield>
      </marc:datafield>
      <marc:datafield tag="797" ind1="2" ind2=" ">
         <marc:subfield code="a">Florida State University.</marc:subfield>
         <marc:subfield code="b">Department of Sport Management.</marc:subfield>
         <marc:subfield code="9">LOCAL</marc:subfield>
      </marc:datafield>
      <marc:datafield tag="904" ind1=" " ind2=" ">
         <marc:subfield code="a">0</marc:subfield>
         <marc:subfield code="9">LOCAL</marc:subfield>
      </marc:datafield>
   </marc:record>