
   <marc:record>
      <marc:leader>     nam  22      i 4500</marc:leader>
      <marc:controlfield tag="006">m     o  d        </marc:controlfield>
      <marc:controlfield tag="007">cr |||||||||||</marc:controlfield>
      <marc:controlfield tag="008">      s2022    flu     obm   000 0 eng d</marc:controlfield>
      <marc:datafield tag="040" ind1=" " ind2=" ">
         <marc:subfield code="a">FDA</marc:subfield>
         <marc:subfield code="b">eng</marc:subfield>
         <marc:subfield code="e">rda</marc:subfield>
         <marc:subfield code="c">FDA</marc:subfield>
      </marc:datafield>
      <marc:datafield tag="050" ind1=" " ind2="4">
         <marc:subfield code="a">QA76.27</marc:subfield>
      </marc:datafield>
      <marc:datafield tag="100" ind1="1" ind2=" ">
         <marc:subfield code="a">Chowdhury, Mohammad Imran,</marc:subfield>
         <marc:subfield code="e">author</marc:subfield>
      </marc:datafield>
      <marc:datafield tag="245" ind1="1" ind2="0">
         <marc:subfield code="a">Path Planning Algorithms for Autonomous Vehicles /</marc:subfield>
         <marc:subfield code="c">by Mohammad Imran Chowdhury</marc:subfield>
      </marc:datafield>
      <marc:datafield tag="264" ind1=" " ind2="1">
         <marc:subfield code="a">Tallahassee, Florida :</marc:subfield>
         <marc:subfield code="b">Florida State University,</marc:subfield>
         <marc:subfield code="c">2022</marc:subfield>
      </marc:datafield>
      <marc:datafield tag="300" ind1=" " ind2=" ">
         <marc:subfield code="a">1 online resource (142 pages)</marc:subfield>
      </marc:datafield>
      <marc:datafield tag="336" ind1=" " ind2=" ">
         <marc:subfield code="a">text</marc:subfield>
         <marc:subfield code="b">txt</marc:subfield>
         <marc:subfield code="2">rdacontent</marc:subfield>
      </marc:datafield>
      <marc:datafield tag="337" ind1=" " ind2=" ">
         <marc:subfield code="a">computer</marc:subfield>
         <marc:subfield code="b">c</marc:subfield>
         <marc:subfield code="2">rdamedia</marc:subfield>
      </marc:datafield>
      <marc:datafield tag="338" ind1=" " ind2=" ">
         <marc:subfield code="a">online resource</marc:subfield>
         <marc:subfield code="b">cr</marc:subfield>
         <marc:subfield code="2">rdacarrier</marc:subfield>
      </marc:datafield>
      <marc:datafield tag="347" ind1=" " ind2=" ">
         <marc:subfield code="a">text file</marc:subfield>
         <marc:subfield code="2">rdaft</marc:subfield>
      </marc:datafield>
      <marc:datafield tag="347" ind1=" " ind2=" ">
         <marc:subfield code="b">PDF</marc:subfield>
      </marc:datafield>
      <marc:datafield tag="538" ind1=" " ind2=" ">
         <marc:subfield code="a">System requirements: Adobe Reader or other PDF viewer.</marc:subfield>
      </marc:datafield>
      <marc:datafield tag="588" ind1=" " ind2=" ">
         <marc:subfield code="a">Description based on online resource; title from PDF title page.</marc:subfield>
      </marc:datafield>
      <marc:datafield tag="500" ind1=" " ind2=" ">
         <marc:subfield code="a">Extent pagination is PDF page count.</marc:subfield>
      </marc:datafield>
      <marc:datafield tag="500" ind1=" " ind2=" ">
         <marc:subfield code="a">Advisory committee: Daniel G. Schwartz, Professor Directing Dissertation; Jon E. Ahlquist, University Representative; Michael V. D Burmester, Committee Member; Michael Vincent Mascagni, Committee Member.</marc:subfield>
      </marc:datafield>
      <marc:datafield tag="500" ind1=" " ind2=" ">
         <marc:subfield code="a">A Dissertation submitted to the Department of Computer Science in partial fulfillment of the requirements for the degree of Doctor of Philosophy.</marc:subfield>
      </marc:datafield>
      <marc:datafield tag="500" ind1=" " ind2=" ">
         <marc:subfield code="a">Date of Defense: June 27, 2022.</marc:subfield>
      </marc:datafield>
      <marc:datafield tag="500" ind1=" " ind2=" ">
         <marc:subfield code="a">Keywords: Autonomous Vehicles (AVs), Path Planning Algorithms.</marc:subfield>
      </marc:datafield>
      <marc:datafield tag="502" ind1=" " ind2=" ">
         <marc:subfield code="b">Ph.D.</marc:subfield>
         <marc:subfield code="c">Florida State University</marc:subfield>
         <marc:subfield code="d">2022.</marc:subfield>
      </marc:datafield>
      <marc:datafield tag="520" ind1="3" ind2=" ">
         <marc:subfield code="a">In real-world mission planning, the environment can be quite complex, and a path planner has thepotential to enable an agent to fulfill its goals in spite of unanticipated events and unexpected situations. A sound path planner defines a path starting from a source point and arriving ultimately at a goal point. The path planning algorithms for autonomous vehicles (AVs) are broadly categorized into two sub-areas: global path planning and local path planning. A global path planner employs known information about the operational environment to return a path from the start point to the goal while avoiding fixed obstacles. Here obstacles are static, such as islands, docks, ship wrecks, etc. The path is determined prior to the AV’s departure. In contrast, a local path planner recalculates the path returned by the global path planner as needed to avoid unexpected moving obstacles such as ships, boats, swimmers, other AVs, etc. This work initially addresses these issues by working on the most commonly used node-basedA* algorithm and the sampling-based probabilistic road map (PRM) algorithm. The work has found that the A* algorithm successfully avoids fixed obstacles, but the path is not smooth (makes very sharp turns) and sometimes comes dangerously close to the obstacle being avoided. An issue with the PRM algorithm is that the generated path often is not always optimal, i.e., may be much longer than necessary to avoid the given obstacles. Hence, initially, the work has combined these two approaches in such a way that these deficiencies are remedied. In particular, the computed path is both smooth and close to optimal. In addition, this work further improves the PRM-A* algorithm to maintain a safe distance from fixed obstacles. The work subsequently adopted as an alternative the deterministic (non-heuristic) Grassfire(GF) algorithm. GF is conceptually simpler than A* and therefore easier to implement. For these reasons, this research explored replacing A* with GF in the hybrid method. In addition, it was found that the PRM algorithm could be simplified by adopting a different method for creating the roadmap. This led to a variant of PRM, here dubbed the recursive probabilistic road map (r-PRM). This is conceptually simpler than the original PRM and typically is faster. Accordingly, this later work presents a novel global planner that employs a combination of three path planners: GF, Modified Grassfire (MGF), and r-PRM. This combination is guaranteed to find a path from any given start point to any given goal point, as long as such a path is possible. For dealing with the moving obstacles, this work first discusses a local path planner using anadaptation of the global path planning algorithm PRM-A*. It was proposed that this employ the points randomly generated by PRM to construct a path around the moving obstacle. However, it was found this has the drawback that relying on such points can lead to somewhat erratic behavior. Thus this was replaced with a deterministic, geometrical approach that achieves the desired effect in a more reliable manner. This local planner together with the later global path planner provide a comprehensive path planning system. The research has explored the prospect of implementing these algorithms in the well-knownMOOS-IvP simulation environment. PRM-A* has been ported to MOOS-IvP, thus enabling one to simulate the use of that planner in controlling an AV in a realistic mission environment. This applies only to the global planner, however, inasmuch as MOOS-IvP does not support simulation of the local planner. An important feature of the local planner is that it employs a decision logic to determine the beststrategy for avoiding a moving obstacle, in particular, always routing the AV behind the obstacle rather than in front of or parallel to it, whenever this is appropriate. Simulations are provided exhibiting the acclaimed behavior. For comparison with other systems, the simulations include an implementation of the well-known D* algorithm, and the discussion considers additional dynamic path planning systems, which, like D*, do not necessarily route the AV behind the moving obstacle.</marc:subfield>
      </marc:datafield>
      <marc:datafield tag="504" ind1=" " ind2=" ">
         <marc:subfield code="a">Includes bibliographical references.</marc:subfield>
      </marc:datafield>
      <marc:datafield tag="650" ind1=" " ind2="0">
         <marc:subfield code="a">Computer science</marc:subfield>
      </marc:datafield>
      <marc:datafield tag="655" ind1=" " ind2="7">
         <marc:subfield code="a">Electronic Thesis or Dissertation.</marc:subfield>
         <marc:subfield code="2">dct</marc:subfield>
      </marc:datafield>
      <marc:datafield tag="690" ind1=" " ind2="7">
         <marc:subfield code="a">FSU Dissertations.</marc:subfield>
         <marc:subfield code="2">local</marc:subfield>
         <marc:subfield code="9">LOCAL</marc:subfield>
      </marc:datafield>
      <marc:datafield tag="710" ind1="2" ind2=" ">
         <marc:subfield code="a">Florida State University.</marc:subfield>
         <marc:subfield code="e">degree granting institution.</marc:subfield>
         <marc:subfield code="0">http://id.loc.gov/authorities/names/n80126238</marc:subfield>
      </marc:datafield>
      <marc:datafield tag="856" ind1="4" ind2="0">
         <marc:subfield code="3">DigiNole</marc:subfield>
         <marc:subfield code="u">https://purl.lib.fsu.edu/diginole/2022_Summer_Chowdhury_fsu_0071E_17307</marc:subfield>
         <marc:subfield code="y">Connect to online content:</marc:subfield>
      </marc:datafield>
      <marc:datafield tag="796" ind1="1" ind2=" ">
         <marc:subfield code="a">Schwartz, Daniel G.,</marc:subfield>
         <marc:subfield code="e">professor directing dissertation</marc:subfield>
         <marc:subfield code="9">LOCAL</marc:subfield>
      </marc:datafield>
      <marc:datafield tag="796" ind1="1" ind2=" ">
         <marc:subfield code="a">Ahlquist, Jon E.,</marc:subfield>
         <marc:subfield code="e">university representative</marc:subfield>
         <marc:subfield code="9">LOCAL</marc:subfield>
      </marc:datafield>
      <marc:datafield tag="796" ind1="1" ind2=" ">
         <marc:subfield code="a">Burmester, Mike,</marc:subfield>
         <marc:subfield code="e">committee member</marc:subfield>
         <marc:subfield code="9">LOCAL</marc:subfield>
      </marc:datafield>
      <marc:datafield tag="796" ind1="1" ind2=" ">
         <marc:subfield code="a">Mascagni, Michael,</marc:subfield>
         <marc:subfield code="e">committee member</marc:subfield>
         <marc:subfield code="9">LOCAL</marc:subfield>
      </marc:datafield>
      <marc:datafield tag="797" ind1="2" ind2=" ">
         <marc:subfield code="a">Florida State University.</marc:subfield>
         <marc:subfield code="b">Department of Computer Science.</marc:subfield>
         <marc:subfield code="9">LOCAL</marc:subfield>
      </marc:datafield>
      <marc:datafield tag="904" ind1=" " ind2=" ">
         <marc:subfield code="a">0</marc:subfield>
         <marc:subfield code="9">LOCAL</marc:subfield>
      </marc:datafield>
   </marc:record>