
   <marc:record>
      <marc:leader>     nam  22      i 4500</marc:leader>
      <marc:controlfield tag="006">m     o  d        </marc:controlfield>
      <marc:controlfield tag="007">cr |||||||||||</marc:controlfield>
      <marc:controlfield tag="008">      s2021    flu     obm   000 0 eng d</marc:controlfield>
      <marc:datafield tag="040" ind1=" " ind2=" ">
         <marc:subfield code="a">FDA</marc:subfield>
         <marc:subfield code="b">eng</marc:subfield>
         <marc:subfield code="e">rda</marc:subfield>
         <marc:subfield code="c">FDA</marc:subfield>
      </marc:datafield>
      <marc:datafield tag="050" ind1=" " ind2="4">
         <marc:subfield code="a">RC466.8</marc:subfield>
      </marc:datafield>
      <marc:datafield tag="100" ind1="1" ind2=" ">
         <marc:subfield code="a">Clancy, Kevin J.</marc:subfield>
         <marc:subfield code="q">(Kevin James),</marc:subfield>
         <marc:subfield code="e">author</marc:subfield>
      </marc:datafield>
      <marc:datafield tag="245" ind1="1" ind2="0">
         <marc:subfield code="a">Evaluating Alpha Dysrhythmia across the Sensory Cortex and Default Mode Network as a Novel Neuropathophysiological Mechanism of and Therapeutic Target for Posttraumatic Stress Symptoms /</marc:subfield>
         <marc:subfield code="c">by Kevin J. Clancy</marc:subfield>
      </marc:datafield>
      <marc:datafield tag="264" ind1=" " ind2="1">
         <marc:subfield code="a">Tallahassee, Florida :</marc:subfield>
         <marc:subfield code="b">Florida State University,</marc:subfield>
         <marc:subfield code="c">2021</marc:subfield>
      </marc:datafield>
      <marc:datafield tag="300" ind1=" " ind2=" ">
         <marc:subfield code="a">1 online resource (218 pages)</marc:subfield>
      </marc:datafield>
      <marc:datafield tag="336" ind1=" " ind2=" ">
         <marc:subfield code="a">text</marc:subfield>
         <marc:subfield code="b">txt</marc:subfield>
         <marc:subfield code="2">rdacontent</marc:subfield>
      </marc:datafield>
      <marc:datafield tag="337" ind1=" " ind2=" ">
         <marc:subfield code="a">computer</marc:subfield>
         <marc:subfield code="b">c</marc:subfield>
         <marc:subfield code="2">rdamedia</marc:subfield>
      </marc:datafield>
      <marc:datafield tag="338" ind1=" " ind2=" ">
         <marc:subfield code="a">online resource</marc:subfield>
         <marc:subfield code="b">cr</marc:subfield>
         <marc:subfield code="2">rdacarrier</marc:subfield>
      </marc:datafield>
      <marc:datafield tag="347" ind1=" " ind2=" ">
         <marc:subfield code="a">text file</marc:subfield>
         <marc:subfield code="2">rdaft</marc:subfield>
      </marc:datafield>
      <marc:datafield tag="347" ind1=" " ind2=" ">
         <marc:subfield code="b">PDF</marc:subfield>
      </marc:datafield>
      <marc:datafield tag="538" ind1=" " ind2=" ">
         <marc:subfield code="a">System requirements: Adobe Reader or other PDF viewer.</marc:subfield>
      </marc:datafield>
      <marc:datafield tag="588" ind1=" " ind2=" ">
         <marc:subfield code="a">Description based on online resource; title from PDF title page.</marc:subfield>
      </marc:datafield>
      <marc:datafield tag="500" ind1=" " ind2=" ">
         <marc:subfield code="a">Extent pagination is PDF page count.</marc:subfield>
      </marc:datafield>
      <marc:datafield tag="500" ind1=" " ind2=" ">
         <marc:subfield code="a">Advisory committee: Wen Li, Professor Directing Dissertation; Debra A. Fadool, University Representative; Lisa A. Eckel, Committee Member; Natalie J. Sachs-Ericsson, Committee Member; Norman B. Schmidt, Committee Member; Jesse R. Cougle, Committee Member.</marc:subfield>
      </marc:datafield>
      <marc:datafield tag="500" ind1=" " ind2=" ">
         <marc:subfield code="a">A Dissertation submitted to the Department of Psychology in partial fulfillment of the requirements for the degree of Doctor of Philosophy.</marc:subfield>
      </marc:datafield>
      <marc:datafield tag="500" ind1=" " ind2=" ">
         <marc:subfield code="a">Date of Defense: June 24, 2021.</marc:subfield>
      </marc:datafield>
      <marc:datafield tag="502" ind1=" " ind2=" ">
         <marc:subfield code="b">Ph.D.</marc:subfield>
         <marc:subfield code="c">Florida State University</marc:subfield>
         <marc:subfield code="d">2021.</marc:subfield>
      </marc:datafield>
      <marc:datafield tag="520" ind1="3" ind2=" ">
         <marc:subfield code="a">Prevailing neurobiological models of posttraumatic stress disorder (PTSD) have focused on dysfunctions of a prefrontal-cortex-amygdala-hippocampal circuit in the top-down regulation of threat detection and emotion regulation. Nevertheless, evidence is accruing for a pathology in broad, low-level sensory hyperactivity that accounts for the unique sensory features of posttraumatic stress symptoms (PTSS). We have thus proposed a “sensory model” of PTSD, centered on deficient sensory gating and broad sensory hyperactivity. The neurophysiology of the model rests on “sensory disinhibition”, whereby disinhibited sensory processing allows for unfiltered sensory input to inundate the prefrontal cortex, even at rest, and the consequent prefrontal dysfunction further fuel sensory disinhibition, resulting in a vicious cycle to perpetuate PTSD pathology. Combining neuroimaging (functional magnetic resonance imaging/fMRI and electroencephalogram/EEG) and non-invasive brain stimulation, this dissertation conducted a series of five studies to test this sensory model and develop an intervention to enhance sensory inhibition. Study 1 (Chapter 2) revealed that resting-state (intrinsic) alpha (8-12 Hz) oscillations, a key neural process involved in sensory cortical inhibition and sensory gating, were deficient among patients with PTSD, the degree of which varied with PTSD symptom severity. These findings indicate intrinsic sensory disinhibition in PTSD. Study 2 (Chapter 3) replicated the initial findings in a sample of combat-exposed Veterans, particularly highlighting an association between alpha deficiency and symptoms of intrusive re-experiencing of trauma. Importantly, akin to our sensory model, it demonstrated that sensory disinhibition could contribute to intrusive reexperiencing through the activation of trauma memory via sensory cues. Study 3 (Chapter 4) isolated PTSD-related alpha deficits in the visual cortex and the default mode network (DMN), a key large-scale intrinsic neural network, as well as communication between the visual and the DMN. These findings thus elucidate a visual-cortex-DMN circuit dysfunction, highlighting that sensory disinhibition can underlie large-scale neural dysregulation in PTSD. Identification of this sensory pathology, which is closely associated with alpha deficiency, motivated Studies 4 and 5 to develop a novel intervention for this pathology by augmenting alpha oscillations. Study 4 (Chapter 5) applied alpha-frequency transcranial alternating current stimulation (i.e., α-tACS) over four consecutive days and demonstrated lasting and reliable alpha enhancement, which was further accompanied by reduction in anxious arousal and sensory aversion. Study 5 (Chapter 6), combining simultaneous EEG-fMRI recordings with α-tACS, not only replicated the efficacy of α-tACS in alpha enhancement but also demonstrated DMN upregulation via α-tACS. Importantly, this DMN upregulation was mediated by alpha enhancement. Together, this series of studies provide converging evidence for the sensory disinhibition model of PTSD and identify a novel mechanism-based intervention that could be used to treat PTSD and related disorders.</marc:subfield>
      </marc:datafield>
      <marc:datafield tag="504" ind1=" " ind2=" ">
         <marc:subfield code="a">Includes bibliographical references.</marc:subfield>
      </marc:datafield>
      <marc:datafield tag="506" ind1=" " ind2=" ">
         <marc:subfield code="a">This thesis/dissertation may be embargoed for a limited time. Click access link to check availability.</marc:subfield>
      </marc:datafield>
      <marc:datafield tag="650" ind1=" " ind2="0">
         <marc:subfield code="a">Clinical psychology</marc:subfield>
      </marc:datafield>
      <marc:datafield tag="650" ind1=" " ind2="0">
         <marc:subfield code="a">Neurosciences</marc:subfield>
      </marc:datafield>
      <marc:datafield tag="650" ind1=" " ind2="0">
         <marc:subfield code="a">Neurosciences</marc:subfield>
      </marc:datafield>
      <marc:datafield tag="655" ind1=" " ind2="7">
         <marc:subfield code="a">Electronic Thesis or Dissertation.</marc:subfield>
         <marc:subfield code="2">dct</marc:subfield>
      </marc:datafield>
      <marc:datafield tag="690" ind1=" " ind2="7">
         <marc:subfield code="a">FSU Dissertations.</marc:subfield>
         <marc:subfield code="2">local</marc:subfield>
         <marc:subfield code="9">LOCAL</marc:subfield>
      </marc:datafield>
      <marc:datafield tag="710" ind1="2" ind2=" ">
         <marc:subfield code="a">Florida State University.</marc:subfield>
         <marc:subfield code="e">degree granting institution.</marc:subfield>
         <marc:subfield code="0">http://id.loc.gov/authorities/names/n80126238</marc:subfield>
      </marc:datafield>
      <marc:datafield tag="856" ind1="4" ind2="0">
         <marc:subfield code="3">DigiNole</marc:subfield>
         <marc:subfield code="u">https://purl.lib.fsu.edu/diginole/2022_Summer_Clancy_fsu_0071E_16731</marc:subfield>
         <marc:subfield code="y">Connect to online content:</marc:subfield>
      </marc:datafield>
      <marc:datafield tag="796" ind1="1" ind2=" ">
         <marc:subfield code="a">Li, Wen</marc:subfield>
         <marc:subfield code="c">(Professor of Psychology),</marc:subfield>
         <marc:subfield code="e">professor directing dissertation</marc:subfield>
         <marc:subfield code="9">LOCAL</marc:subfield>
      </marc:datafield>
      <marc:datafield tag="796" ind1="1" ind2=" ">
         <marc:subfield code="a">Fadool, Debra Ann,</marc:subfield>
         <marc:subfield code="e">university representative</marc:subfield>
         <marc:subfield code="9">LOCAL</marc:subfield>
      </marc:datafield>
      <marc:datafield tag="796" ind1="1" ind2=" ">
         <marc:subfield code="a">Eckel, Lisa A.,</marc:subfield>
         <marc:subfield code="e">committee member</marc:subfield>
         <marc:subfield code="9">LOCAL</marc:subfield>
      </marc:datafield>
      <marc:datafield tag="796" ind1="1" ind2=" ">
         <marc:subfield code="a">Sachs-Ericsson, Natalie J.,</marc:subfield>
         <marc:subfield code="e">committee member</marc:subfield>
         <marc:subfield code="9">LOCAL</marc:subfield>
      </marc:datafield>
      <marc:datafield tag="796" ind1="1" ind2=" ">
         <marc:subfield code="a">Schmidt, Norman B.,</marc:subfield>
         <marc:subfield code="e">committee member</marc:subfield>
         <marc:subfield code="9">LOCAL</marc:subfield>
      </marc:datafield>
      <marc:datafield tag="796" ind1="1" ind2=" ">
         <marc:subfield code="a">Cougle, Jesse R.</marc:subfield>
         <marc:subfield code="q">(Jesse Ray),</marc:subfield>
         <marc:subfield code="d">1975-</marc:subfield>
         <marc:subfield code="e">committee member</marc:subfield>
         <marc:subfield code="9">LOCAL</marc:subfield>
      </marc:datafield>
      <marc:datafield tag="797" ind1="2" ind2=" ">
         <marc:subfield code="a">Florida State University.</marc:subfield>
         <marc:subfield code="b">Department of Psychology.</marc:subfield>
         <marc:subfield code="9">LOCAL</marc:subfield>
      </marc:datafield>
      <marc:datafield tag="904" ind1=" " ind2=" ">
         <marc:subfield code="a">4</marc:subfield>
         <marc:subfield code="9">LOCAL</marc:subfield>
      </marc:datafield>
   </marc:record>