
   <marc:record>
      <marc:leader>     nam  22      i 4500</marc:leader>
      <marc:controlfield tag="006">m     o  d        </marc:controlfield>
      <marc:controlfield tag="007">cr |||||||||||</marc:controlfield>
      <marc:controlfield tag="008">      s2022    flu     obm   000 0 eng d</marc:controlfield>
      <marc:datafield tag="040" ind1=" " ind2=" ">
         <marc:subfield code="a">FDA</marc:subfield>
         <marc:subfield code="b">eng</marc:subfield>
         <marc:subfield code="e">rda</marc:subfield>
         <marc:subfield code="c">FDA</marc:subfield>
      </marc:datafield>
      <marc:datafield tag="050" ind1=" " ind2="4">
         <marc:subfield code="a">HB1</marc:subfield>
      </marc:datafield>
      <marc:datafield tag="100" ind1="1" ind2=" ">
         <marc:subfield code="a">Dischman, Theodore,</marc:subfield>
         <marc:subfield code="e">author</marc:subfield>
      </marc:datafield>
      <marc:datafield tag="245" ind1="1" ind2="0">
         <marc:subfield code="a">Three Experiments on Group Identity in Economics /</marc:subfield>
         <marc:subfield code="c">by Theodore Dischman</marc:subfield>
      </marc:datafield>
      <marc:datafield tag="264" ind1=" " ind2="1">
         <marc:subfield code="a">Tallahassee, Florida :</marc:subfield>
         <marc:subfield code="b">Florida State University,</marc:subfield>
         <marc:subfield code="c">2022</marc:subfield>
      </marc:datafield>
      <marc:datafield tag="300" ind1=" " ind2=" ">
         <marc:subfield code="a">1 online resource (103 pages)</marc:subfield>
      </marc:datafield>
      <marc:datafield tag="336" ind1=" " ind2=" ">
         <marc:subfield code="a">text</marc:subfield>
         <marc:subfield code="b">txt</marc:subfield>
         <marc:subfield code="2">rdacontent</marc:subfield>
      </marc:datafield>
      <marc:datafield tag="337" ind1=" " ind2=" ">
         <marc:subfield code="a">computer</marc:subfield>
         <marc:subfield code="b">c</marc:subfield>
         <marc:subfield code="2">rdamedia</marc:subfield>
      </marc:datafield>
      <marc:datafield tag="338" ind1=" " ind2=" ">
         <marc:subfield code="a">online resource</marc:subfield>
         <marc:subfield code="b">cr</marc:subfield>
         <marc:subfield code="2">rdacarrier</marc:subfield>
      </marc:datafield>
      <marc:datafield tag="347" ind1=" " ind2=" ">
         <marc:subfield code="a">text file</marc:subfield>
         <marc:subfield code="2">rdaft</marc:subfield>
      </marc:datafield>
      <marc:datafield tag="347" ind1=" " ind2=" ">
         <marc:subfield code="b">PDF</marc:subfield>
      </marc:datafield>
      <marc:datafield tag="538" ind1=" " ind2=" ">
         <marc:subfield code="a">System requirements: Adobe Reader or other PDF viewer.</marc:subfield>
      </marc:datafield>
      <marc:datafield tag="588" ind1=" " ind2=" ">
         <marc:subfield code="a">Description based on online resource; title from PDF title page.</marc:subfield>
      </marc:datafield>
      <marc:datafield tag="500" ind1=" " ind2=" ">
         <marc:subfield code="a">Extent pagination is PDF page count.</marc:subfield>
      </marc:datafield>
      <marc:datafield tag="500" ind1=" " ind2=" ">
         <marc:subfield code="a">Advisory committee: Luke Boosey, Professor Directing Dissertation; Jens Grosser, University Representative; R. Mark Isaac, Committee Member; John Hamman, Committee Member.</marc:subfield>
      </marc:datafield>
      <marc:datafield tag="500" ind1=" " ind2=" ">
         <marc:subfield code="a">A Dissertation submitted to the Department of Economics in partial fulfillment of the requirements for the degree of Doctor of Philosophy.</marc:subfield>
      </marc:datafield>
      <marc:datafield tag="500" ind1=" " ind2=" ">
         <marc:subfield code="a">Date of Defense: June 20, 2022.</marc:subfield>
      </marc:datafield>
      <marc:datafield tag="500" ind1=" " ind2=" ">
         <marc:subfield code="a">Keywords: Experimental Economics, Group Identity.</marc:subfield>
      </marc:datafield>
      <marc:datafield tag="502" ind1=" " ind2=" ">
         <marc:subfield code="b">Ph.D.</marc:subfield>
         <marc:subfield code="c">Florida State University</marc:subfield>
         <marc:subfield code="d">2022.</marc:subfield>
      </marc:datafield>
      <marc:datafield tag="520" ind1="3" ind2=" ">
         <marc:subfield code="a">This dissertation consists of three chapters, each examining the impact of group identityon behavior in economic environments using experimental methods. Chapter One focuses on understanding the effects of a common group identity on the formation, terms, and sustainability of relational contracts. The experiment involves a group identity inducement followed by an experimental labor market with unenforceable contracts. Chapter Two examines the relative impact of common past experience in an ordeal, as distinct from shared past experience, on cooperation via group identity. Subjects engage in an individual task that determines Success or Failure. Subjects are then grouped according to their outcome and participate in an infinitely repeated public goods experiment. Treatments vary information provided to subjects. Chapter Three addresses how people differentially incorporate information about other people when information involves in-group or outgroup members. The chapter incorporates an experimental design that presents negative information about an in-group or out-group member’s behavior.</marc:subfield>
      </marc:datafield>
      <marc:datafield tag="504" ind1=" " ind2=" ">
         <marc:subfield code="a">Includes bibliographical references.</marc:subfield>
      </marc:datafield>
      <marc:datafield tag="650" ind1=" " ind2="0">
         <marc:subfield code="a">Economics</marc:subfield>
      </marc:datafield>
      <marc:datafield tag="655" ind1=" " ind2="7">
         <marc:subfield code="a">Electronic Thesis or Dissertation.</marc:subfield>
         <marc:subfield code="2">dct</marc:subfield>
      </marc:datafield>
      <marc:datafield tag="690" ind1=" " ind2="7">
         <marc:subfield code="a">FSU Dissertations.</marc:subfield>
         <marc:subfield code="2">local</marc:subfield>
         <marc:subfield code="9">LOCAL</marc:subfield>
      </marc:datafield>
      <marc:datafield tag="710" ind1="2" ind2=" ">
         <marc:subfield code="a">Florida State University.</marc:subfield>
         <marc:subfield code="e">degree granting institution.</marc:subfield>
         <marc:subfield code="0">http://id.loc.gov/authorities/names/n80126238</marc:subfield>
      </marc:datafield>
      <marc:datafield tag="856" ind1="4" ind2="0">
         <marc:subfield code="3">DigiNole</marc:subfield>
         <marc:subfield code="u">https://purl.lib.fsu.edu/diginole/2022_Summer_Dischman_fsu_0071E_17294</marc:subfield>
         <marc:subfield code="y">Connect to online content:</marc:subfield>
      </marc:datafield>
      <marc:datafield tag="796" ind1="1" ind2=" ">
         <marc:subfield code="a">Boosey, Luke A.,</marc:subfield>
         <marc:subfield code="e">professor directing dissertation</marc:subfield>
         <marc:subfield code="9">LOCAL</marc:subfield>
      </marc:datafield>
      <marc:datafield tag="796" ind1="1" ind2=" ">
         <marc:subfield code="a">Großer, Jens W.,</marc:subfield>
         <marc:subfield code="e">university representative</marc:subfield>
         <marc:subfield code="9">LOCAL</marc:subfield>
      </marc:datafield>
      <marc:datafield tag="796" ind1="1" ind2=" ">
         <marc:subfield code="a">Isaac, R. Mark</marc:subfield>
         <marc:subfield code="q">(Robert Mark),</marc:subfield>
         <marc:subfield code="d">1954-</marc:subfield>
         <marc:subfield code="e">committee member</marc:subfield>
         <marc:subfield code="9">LOCAL</marc:subfield>
      </marc:datafield>
      <marc:datafield tag="796" ind1="1" ind2=" ">
         <marc:subfield code="a">Hamman, John R.,</marc:subfield>
         <marc:subfield code="e">committee member</marc:subfield>
         <marc:subfield code="9">LOCAL</marc:subfield>
      </marc:datafield>
      <marc:datafield tag="797" ind1="2" ind2=" ">
         <marc:subfield code="a">Florida State University.</marc:subfield>
         <marc:subfield code="b">Department of Economics.</marc:subfield>
         <marc:subfield code="9">LOCAL</marc:subfield>
      </marc:datafield>
      <marc:datafield tag="904" ind1=" " ind2=" ">
         <marc:subfield code="a">0</marc:subfield>
         <marc:subfield code="9">LOCAL</marc:subfield>
      </marc:datafield>
   </marc:record>