
   <marc:record>
      <marc:leader>     nam  22      i 4500</marc:leader>
      <marc:controlfield tag="006">m     o  d        </marc:controlfield>
      <marc:controlfield tag="007">cr |||||||||||</marc:controlfield>
      <marc:controlfield tag="008">      s2022    flu     obm   000 0 eng d</marc:controlfield>
      <marc:datafield tag="040" ind1=" " ind2=" ">
         <marc:subfield code="a">FDA</marc:subfield>
         <marc:subfield code="b">eng</marc:subfield>
         <marc:subfield code="e">rda</marc:subfield>
         <marc:subfield code="c">FDA</marc:subfield>
      </marc:datafield>
      <marc:datafield tag="050" ind1=" " ind2="4">
         <marc:subfield code="a">TA</marc:subfield>
      </marc:datafield>
      <marc:datafield tag="100" ind1="1" ind2=" ">
         <marc:subfield code="a">Gallan, Rachel O.</marc:subfield>
         <marc:subfield code="q">(Rachel Olivia),</marc:subfield>
         <marc:subfield code="e">author</marc:subfield>
      </marc:datafield>
      <marc:datafield tag="245" ind1="1" ind2="0">
         <marc:subfield code="a">Degradation of Per- and Polyfluoroalkyl Substances with Nonthermal Plasma in a Gas-Liquid Film Reactor /</marc:subfield>
         <marc:subfield code="c">by Rachel O. Gallan</marc:subfield>
      </marc:datafield>
      <marc:datafield tag="264" ind1=" " ind2="1">
         <marc:subfield code="a">Tallahassee, Florida :</marc:subfield>
         <marc:subfield code="b">Florida State University,</marc:subfield>
         <marc:subfield code="c">2022</marc:subfield>
      </marc:datafield>
      <marc:datafield tag="300" ind1=" " ind2=" ">
         <marc:subfield code="a">1 online resource (111 pages)</marc:subfield>
      </marc:datafield>
      <marc:datafield tag="336" ind1=" " ind2=" ">
         <marc:subfield code="a">text</marc:subfield>
         <marc:subfield code="b">txt</marc:subfield>
         <marc:subfield code="2">rdacontent</marc:subfield>
      </marc:datafield>
      <marc:datafield tag="337" ind1=" " ind2=" ">
         <marc:subfield code="a">computer</marc:subfield>
         <marc:subfield code="b">c</marc:subfield>
         <marc:subfield code="2">rdamedia</marc:subfield>
      </marc:datafield>
      <marc:datafield tag="338" ind1=" " ind2=" ">
         <marc:subfield code="a">online resource</marc:subfield>
         <marc:subfield code="b">cr</marc:subfield>
         <marc:subfield code="2">rdacarrier</marc:subfield>
      </marc:datafield>
      <marc:datafield tag="347" ind1=" " ind2=" ">
         <marc:subfield code="a">text file</marc:subfield>
         <marc:subfield code="2">rdaft</marc:subfield>
      </marc:datafield>
      <marc:datafield tag="347" ind1=" " ind2=" ">
         <marc:subfield code="b">PDF</marc:subfield>
      </marc:datafield>
      <marc:datafield tag="538" ind1=" " ind2=" ">
         <marc:subfield code="a">System requirements: Adobe Reader or other PDF viewer.</marc:subfield>
      </marc:datafield>
      <marc:datafield tag="588" ind1=" " ind2=" ">
         <marc:subfield code="a">Description based on online resource; title from PDF title page.</marc:subfield>
      </marc:datafield>
      <marc:datafield tag="500" ind1=" " ind2=" ">
         <marc:subfield code="a">Extent pagination is PDF page count.</marc:subfield>
      </marc:datafield>
      <marc:datafield tag="500" ind1=" " ind2=" ">
         <marc:subfield code="a">Advisory committee: Bruce R. Locke, Professor Directing Thesis; Daniel Hallinan, Committee Member; Youneng Tang, Committee Member.</marc:subfield>
      </marc:datafield>
      <marc:datafield tag="500" ind1=" " ind2=" ">
         <marc:subfield code="a">A Thesis submitted to the Department of Chemical &amp; Biomedical Engineering in partial fulfillment of the requirements for the degree of Master of Science.</marc:subfield>
      </marc:datafield>
      <marc:datafield tag="500" ind1=" " ind2=" ">
         <marc:subfield code="a">Date of Defense: June 21, 2022.</marc:subfield>
      </marc:datafield>
      <marc:datafield tag="502" ind1=" " ind2=" ">
         <marc:subfield code="b">M.S.</marc:subfield>
         <marc:subfield code="c">Florida State University</marc:subfield>
         <marc:subfield code="d">2022.</marc:subfield>
      </marc:datafield>
      <marc:datafield tag="520" ind1="3" ind2=" ">
         <marc:subfield code="a">Perfluorinated carbons are hazardous molecules that have contaminated ground water systems and become a prevalent environmental issue. One group of perfluorinated carbons is a class of molecules referred to as per- and polyfluoroalkyl substances (PFAS), which have been used for decades in applications such as firefighting foams, waterproof coatings, nonstick cookware, carpets, and many others. The wide use of PFAS has led to their large accumulation in the environment. Due to this accumulation and the release into the aquifer, PFAS has become a concern in most water purification systems. Recently developed methods to degrade PFAS include advanced oxidation and reduction techniques such as photocatalysis, sonolysis, electrochemical reduction, and nonthermal plasma. Our work focuses on the degradation of PFAS with nonthermal plasma. Two example PFAS compounds, perfluorooctanoic acid (PFOA) and perfluorooctanesulfonic acid (PFOS) are not only major pollutants but they are often used as model PFAS compounds, and they are the focus for this work. In this study, we use a nonthermal plasma reactor with flowing liquid and gas phases and a nanosecond pulsed power supply to degrade PFAS compounds in water. The plasma is generated with a pulsed power supply capable of variation of the input voltage, frequency, and pulse width. Through changing the input electrical pulse forming properties, we can change the plasma characteristics such as electron density, electron energy, and plasma gas temperature. The non-thermal plasma generates many different reactive chemical species such as&#x9f;OH,&#x9f;H, e-, and eaq- that may degrade PFOA and PFOS. This work shows that PFOA and PFOS are degraded into several daughter products of smaller carbon chains, and mineralization products including carbon dioxide and fluoride (F-). This work shows that PFOA and PFOS degradation are affected by concentration and pulse frequency. PFOA and PFOA are surfactants and have large surface activities. Higher surface activity leads to higher degradation and mineralization because of increased adsorption at the interface where the plasma occurs. The input frequency of the power supply changes the plasma properties and therefore PFOA and PFOS were shown to have maximum degradation percentages of 89.6% and 96%, respectively, at 2 kHz frequency. Because the degradation is dependent on initial concentration and the input frequency, these setting can be used to optimize the reactor. For comparison with other methods, the values of energy yield and EE/O are used to describe the system efficiency. Energy yield is the molar amount of the compound degraded or produced (depending on the target compound) per joule of energy. EE/O is the amount of energy used per volume per log order reduction of contaminant. The best-case energy yield and EE/O values are 6.61x10-10 mol/J and 2.5 kWh/m3(order) for PFOA and 6.691x10-10 mol/J and1.7 kWh/m3(order) for PFOS, which are better or comparable to the best reported methods for PFAS degradation. Ground water and leachate samples from field sites were treated to demonstrate the applicability of the reactor. The ground water towards the higher chain compounds, and will degrade them in order of decreasing chain length. PFOA mass transfer and reaction rates were modeled in the reactor to analyze the factors affecting the frequency and concentration effects. The model shows that the upper limit of PFOA degradation is likely mass transfer limited, but it fails to show the drop-in degradation with increasing frequency or the shift in optimal degradation with decreasing concentration.These results are encouraging for the practical application of this plasma reactor in real world remediation processes. This study furthers the understanding of non-thermal degradation of PFAS, and leads to its future use in water purification systems.</marc:subfield>
      </marc:datafield>
      <marc:datafield tag="504" ind1=" " ind2=" ">
         <marc:subfield code="a">Includes bibliographical references.</marc:subfield>
      </marc:datafield>
      <marc:datafield tag="506" ind1=" " ind2=" ">
         <marc:subfield code="a">This thesis/dissertation may be embargoed for a limited time. Click access link to check availability.</marc:subfield>
      </marc:datafield>
      <marc:datafield tag="650" ind1=" " ind2="0">
         <marc:subfield code="a">Engineering</marc:subfield>
      </marc:datafield>
      <marc:datafield tag="650" ind1=" " ind2="0">
         <marc:subfield code="a">Chemical engineering</marc:subfield>
      </marc:datafield>
      <marc:datafield tag="650" ind1=" " ind2="0">
         <marc:subfield code="a">Environmental engineering</marc:subfield>
      </marc:datafield>
      <marc:datafield tag="655" ind1=" " ind2="7">
         <marc:subfield code="a">Electronic Thesis or Dissertation.</marc:subfield>
         <marc:subfield code="2">dct</marc:subfield>
      </marc:datafield>
      <marc:datafield tag="690" ind1=" " ind2="7">
         <marc:subfield code="a">FSU Dissertations.</marc:subfield>
         <marc:subfield code="2">local</marc:subfield>
         <marc:subfield code="9">LOCAL</marc:subfield>
      </marc:datafield>
      <marc:datafield tag="710" ind1="2" ind2=" ">
         <marc:subfield code="a">Florida State University.</marc:subfield>
         <marc:subfield code="e">degree granting institution.</marc:subfield>
         <marc:subfield code="0">http://id.loc.gov/authorities/names/n80126238</marc:subfield>
      </marc:datafield>
      <marc:datafield tag="856" ind1="4" ind2="0">
         <marc:subfield code="3">DigiNole</marc:subfield>
         <marc:subfield code="u">https://purl.lib.fsu.edu/diginole/2022_Summer_Gallan_fsu_0071N_16954</marc:subfield>
         <marc:subfield code="y">Connect to online content:</marc:subfield>
      </marc:datafield>
      <marc:datafield tag="796" ind1="1" ind2=" ">
         <marc:subfield code="a">Locke, Bruce R.,</marc:subfield>
         <marc:subfield code="e">professor directing thesis</marc:subfield>
         <marc:subfield code="9">LOCAL</marc:subfield>
      </marc:datafield>
      <marc:datafield tag="796" ind1="1" ind2=" ">
         <marc:subfield code="a">Hallinan, Daniel T.,</marc:subfield>
         <marc:subfield code="c">Jr.,</marc:subfield>
         <marc:subfield code="e">committee member</marc:subfield>
         <marc:subfield code="9">LOCAL</marc:subfield>
      </marc:datafield>
      <marc:datafield tag="796" ind1="1" ind2=" ">
         <marc:subfield code="a">Tang, Youneng,</marc:subfield>
         <marc:subfield code="e">committee member</marc:subfield>
         <marc:subfield code="9">LOCAL</marc:subfield>
      </marc:datafield>
      <marc:datafield tag="797" ind1="2" ind2=" ">
         <marc:subfield code="a">Florida State University.</marc:subfield>
         <marc:subfield code="b">Department of Chemical and Biomedical Engineering.</marc:subfield>
         <marc:subfield code="9">LOCAL</marc:subfield>
      </marc:datafield>
      <marc:datafield tag="904" ind1=" " ind2=" ">
         <marc:subfield code="a">4</marc:subfield>
         <marc:subfield code="9">LOCAL</marc:subfield>
      </marc:datafield>
   </marc:record>