
   <marc:record>
      <marc:leader>     nam  22      i 4500</marc:leader>
      <marc:controlfield tag="006">m     o  d        </marc:controlfield>
      <marc:controlfield tag="007">cr |||||||||||</marc:controlfield>
      <marc:controlfield tag="008">      s2022    flu     obm   000 0 eng d</marc:controlfield>
      <marc:datafield tag="040" ind1=" " ind2=" ">
         <marc:subfield code="a">FDA</marc:subfield>
         <marc:subfield code="b">eng</marc:subfield>
         <marc:subfield code="e">rda</marc:subfield>
         <marc:subfield code="c">FDA</marc:subfield>
      </marc:datafield>
      <marc:datafield tag="050" ind1=" " ind2="4">
         <marc:subfield code="a">LB1051</marc:subfield>
      </marc:datafield>
      <marc:datafield tag="100" ind1="1" ind2=" ">
         <marc:subfield code="a">Ha, Cheyeon,</marc:subfield>
         <marc:subfield code="e">author</marc:subfield>
      </marc:datafield>
      <marc:datafield tag="245" ind1="1" ind2="0">
         <marc:subfield code="a">Culturally Relevant Reading for Supporting Underserved Children's Prosocial Self-Efficacy and Reading Skills :</marc:subfield>
         <marc:subfield code="b">A Transformative Social-Emotional Learning Approach /</marc:subfield>
         <marc:subfield code="c">by Cheyeon Ha</marc:subfield>
      </marc:datafield>
      <marc:datafield tag="264" ind1=" " ind2="1">
         <marc:subfield code="a">Tallahassee, Florida :</marc:subfield>
         <marc:subfield code="b">Florida State University,</marc:subfield>
         <marc:subfield code="c">2022</marc:subfield>
      </marc:datafield>
      <marc:datafield tag="300" ind1=" " ind2=" ">
         <marc:subfield code="a">1 online resource (177 pages)</marc:subfield>
      </marc:datafield>
      <marc:datafield tag="336" ind1=" " ind2=" ">
         <marc:subfield code="a">text</marc:subfield>
         <marc:subfield code="b">txt</marc:subfield>
         <marc:subfield code="2">rdacontent</marc:subfield>
      </marc:datafield>
      <marc:datafield tag="337" ind1=" " ind2=" ">
         <marc:subfield code="a">computer</marc:subfield>
         <marc:subfield code="b">c</marc:subfield>
         <marc:subfield code="2">rdamedia</marc:subfield>
      </marc:datafield>
      <marc:datafield tag="338" ind1=" " ind2=" ">
         <marc:subfield code="a">online resource</marc:subfield>
         <marc:subfield code="b">cr</marc:subfield>
         <marc:subfield code="2">rdacarrier</marc:subfield>
      </marc:datafield>
      <marc:datafield tag="347" ind1=" " ind2=" ">
         <marc:subfield code="a">text file</marc:subfield>
         <marc:subfield code="2">rdaft</marc:subfield>
      </marc:datafield>
      <marc:datafield tag="347" ind1=" " ind2=" ">
         <marc:subfield code="b">PDF</marc:subfield>
      </marc:datafield>
      <marc:datafield tag="538" ind1=" " ind2=" ">
         <marc:subfield code="a">System requirements: Adobe Reader or other PDF viewer.</marc:subfield>
      </marc:datafield>
      <marc:datafield tag="588" ind1=" " ind2=" ">
         <marc:subfield code="a">Description based on online resource; title from PDF title page.</marc:subfield>
      </marc:datafield>
      <marc:datafield tag="500" ind1=" " ind2=" ">
         <marc:subfield code="a">Extent pagination is PDF page count.</marc:subfield>
      </marc:datafield>
      <marc:datafield tag="500" ind1=" " ind2=" ">
         <marc:subfield code="a">Advisory committee: Alysia D. Roehrig, Professor Directing Dissertation; Lindsay Dennis, University Representative; Jeannine Turner, Committee Member; Beth Phillips, Committee Member.</marc:subfield>
      </marc:datafield>
      <marc:datafield tag="500" ind1=" " ind2=" ">
         <marc:subfield code="a">A Dissertation submitted to the Department of Educational Psychology and Learning Systems in partial fulfillment of the requirements for the degree of Doctor of Philosophy.</marc:subfield>
      </marc:datafield>
      <marc:datafield tag="500" ind1=" " ind2=" ">
         <marc:subfield code="a">Date of Defense: June 28, 2022.</marc:subfield>
      </marc:datafield>
      <marc:datafield tag="500" ind1=" " ind2=" ">
         <marc:subfield code="a">Keywords: culturally relevant reading, prosocial self-efficacy, reading, social-emotional learning (SEL), transformative SEL.</marc:subfield>
      </marc:datafield>
      <marc:datafield tag="502" ind1=" " ind2=" ">
         <marc:subfield code="b">Ph.D.</marc:subfield>
         <marc:subfield code="c">Florida State University</marc:subfield>
         <marc:subfield code="d">2022.</marc:subfield>
      </marc:datafield>
      <marc:datafield tag="520" ind1="3" ind2=" ">
         <marc:subfield code="a">From an educational equity perspective, all students need to have appropriate learning opportunities that are close to their own cultural contexts (e.g., families and communities). Based on the transformative social-emotional learning (SEL) framework, the mixed-methods study explored how culturally relevant reading experiences can be longitudinally linked with underserved students’ social-emotional and academic development. Specifically, this study explored changes in underserved students’ prosocial self-efficacy and reading skills across multiple years of involvement with a culturally relevant reading program at Freedom Schools. The multicultural reading program at Freedom Schools is rooted in culturally relevant pedagogy and SEL to empower racially-minoritized students to make a difference. The purpose of the six-week summer camp is to help underserved students maintain their reading skills during the out-of-school summer period. To explore possible sustainable learning outcomes from experiences at Freedom Schools, this study focused on targeted participants who participated in the Freedom Schools camp for at least two years (i.e., returning students in 2016 through 2019). The purpose of the study was to investigate students’ prosocial self-efficacy and reading skill outcomes over time. From the four years of annual data from Freedom Schools participants, I identified data with parental consent for a total of 50 returning students. For the quantitative analysis, I investigated returning students’ individual change patterns in prosocial self-efficacy (n = 38) and reading skills (n = 22). To support the results from the individual change patterns, I also analyzed 16 interviews from eight returning students; each student participated in two interviews that were collected during different summer years of Freedom Schools.According to the descriptive results of this study, within the summer program period (i.e., during the six-week), returning participants at Freedom Schools showed descriptive positive changes in their prosocial self-efficacy in their first camp (67.7%) and their second camp (57.6%); however, between the first and second camps, their prosocial self-efficacy changes varied across individuals. The majority of returning participants showed descriptive positive reading changes. For example, returning students descriptively increased or maintained reading skill levels in their first camp (at least 85% of participants in all reading subfactors) and in their second camp (at least 80% of participants in all reading subfactors). The summer program aimed to prevent summer reading loss of underserved students, so maintained reading scores were marked as positive outcomes within the summer camp period. More than 60% of returning participants had descriptive increases in reading skills between the first and second summer camps. There were no noticeable general change patterns between the prosocial self-efficacy and reading skills. Due to the complex change patterns of students’ prosocial self-efficacy across the multiple years, there were no general patterns to explain the relationship between prosocial self-efficacy and reading skills of returning participants. Through the interview analysis, I found that all interviewees had positive views on their summer learning experiences; students commented that their teacher and peers were supportive and respectful in the classroom, and the multicultural books in the camp were interesting to them. The learning and instructional contexts of Freedom Schools align with the transformative SEL approach. In this study, students’ interviews aligned with the theoretical ideas of transformative SEL that using culturally relevant education may support students’ positive cultural identities and successful academic achievement in racially minoritized students. The findings contribute to our understanding of students’ transformative SEL experiences in Freedom Schools contexts. This approach highlights the importance of equity-based SEL implementation for underserved students. The findings of this study also shed light on the impact of Freedom Schools on students’ potential learning outcomes across multiple years, from a developmental perspective.</marc:subfield>
      </marc:datafield>
      <marc:datafield tag="504" ind1=" " ind2=" ">
         <marc:subfield code="a">Includes bibliographical references.</marc:subfield>
      </marc:datafield>
      <marc:datafield tag="650" ind1=" " ind2="0">
         <marc:subfield code="a">Educational psychology</marc:subfield>
      </marc:datafield>
      <marc:datafield tag="650" ind1=" " ind2="0">
         <marc:subfield code="a">Education</marc:subfield>
      </marc:datafield>
      <marc:datafield tag="655" ind1=" " ind2="7">
         <marc:subfield code="a">Electronic Thesis or Dissertation.</marc:subfield>
         <marc:subfield code="2">dct</marc:subfield>
      </marc:datafield>
      <marc:datafield tag="690" ind1=" " ind2="7">
         <marc:subfield code="a">FSU Dissertations.</marc:subfield>
         <marc:subfield code="2">local</marc:subfield>
         <marc:subfield code="9">LOCAL</marc:subfield>
      </marc:datafield>
      <marc:datafield tag="710" ind1="2" ind2=" ">
         <marc:subfield code="a">Florida State University.</marc:subfield>
         <marc:subfield code="e">degree granting institution.</marc:subfield>
         <marc:subfield code="0">http://id.loc.gov/authorities/names/n80126238</marc:subfield>
      </marc:datafield>
      <marc:datafield tag="856" ind1="4" ind2="0">
         <marc:subfield code="3">DigiNole</marc:subfield>
         <marc:subfield code="u">https://purl.lib.fsu.edu/diginole/2022_Summer_Ha_fsu_0071E_17377</marc:subfield>
         <marc:subfield code="y">Connect to online content:</marc:subfield>
      </marc:datafield>
      <marc:datafield tag="796" ind1="1" ind2=" ">
         <marc:subfield code="a">Roehrig, Alysia D.,</marc:subfield>
         <marc:subfield code="d">1975-</marc:subfield>
         <marc:subfield code="e">professor directing dissertation</marc:subfield>
         <marc:subfield code="9">LOCAL</marc:subfield>
      </marc:datafield>
      <marc:datafield tag="796" ind1="1" ind2=" ">
         <marc:subfield code="a">Dennis, Lindsay Rae,</marc:subfield>
         <marc:subfield code="e">university representative</marc:subfield>
         <marc:subfield code="9">LOCAL</marc:subfield>
      </marc:datafield>
      <marc:datafield tag="796" ind1="1" ind2=" ">
         <marc:subfield code="a">Turner, Jeannine E.,</marc:subfield>
         <marc:subfield code="e">committee member</marc:subfield>
         <marc:subfield code="9">LOCAL</marc:subfield>
      </marc:datafield>
      <marc:datafield tag="796" ind1="1" ind2=" ">
         <marc:subfield code="a">Phillips, Beth M.,</marc:subfield>
         <marc:subfield code="e">committee member</marc:subfield>
         <marc:subfield code="9">LOCAL</marc:subfield>
      </marc:datafield>
      <marc:datafield tag="797" ind1="2" ind2=" ">
         <marc:subfield code="a">Florida State University.</marc:subfield>
         <marc:subfield code="b">Department of Educational Psychology and Learning Systems.</marc:subfield>
         <marc:subfield code="9">LOCAL</marc:subfield>
      </marc:datafield>
      <marc:datafield tag="904" ind1=" " ind2=" ">
         <marc:subfield code="a">0</marc:subfield>
         <marc:subfield code="9">LOCAL</marc:subfield>
      </marc:datafield>
   </marc:record>