
   <marc:record>
      <marc:leader>     nam  22      i 4500</marc:leader>
      <marc:controlfield tag="006">m     o  d        </marc:controlfield>
      <marc:controlfield tag="007">cr |||||||||||</marc:controlfield>
      <marc:controlfield tag="008">      s2022    flu     obm   000 0 eng d</marc:controlfield>
      <marc:datafield tag="040" ind1=" " ind2=" ">
         <marc:subfield code="a">FDA</marc:subfield>
         <marc:subfield code="b">eng</marc:subfield>
         <marc:subfield code="e">rda</marc:subfield>
         <marc:subfield code="c">FDA</marc:subfield>
      </marc:datafield>
      <marc:datafield tag="050" ind1=" " ind2="4">
         <marc:subfield code="a">QH541</marc:subfield>
      </marc:datafield>
      <marc:datafield tag="100" ind1="1" ind2=" ">
         <marc:subfield code="a">Holzheuser, Chace,</marc:subfield>
         <marc:subfield code="e">author</marc:subfield>
      </marc:datafield>
      <marc:datafield tag="245" ind1="1" ind2="0">
         <marc:subfield code="a">Decline and Population Status of Desmognathine Salamanders in Florida /</marc:subfield>
         <marc:subfield code="c">by Chace Holzheuser</marc:subfield>
      </marc:datafield>
      <marc:datafield tag="264" ind1=" " ind2="1">
         <marc:subfield code="a">Tallahassee, Florida :</marc:subfield>
         <marc:subfield code="b">Florida State University,</marc:subfield>
         <marc:subfield code="c">2022</marc:subfield>
      </marc:datafield>
      <marc:datafield tag="300" ind1=" " ind2=" ">
         <marc:subfield code="a">1 online resource (97 pages)</marc:subfield>
      </marc:datafield>
      <marc:datafield tag="336" ind1=" " ind2=" ">
         <marc:subfield code="a">text</marc:subfield>
         <marc:subfield code="b">txt</marc:subfield>
         <marc:subfield code="2">rdacontent</marc:subfield>
      </marc:datafield>
      <marc:datafield tag="337" ind1=" " ind2=" ">
         <marc:subfield code="a">computer</marc:subfield>
         <marc:subfield code="b">c</marc:subfield>
         <marc:subfield code="2">rdamedia</marc:subfield>
      </marc:datafield>
      <marc:datafield tag="338" ind1=" " ind2=" ">
         <marc:subfield code="a">online resource</marc:subfield>
         <marc:subfield code="b">cr</marc:subfield>
         <marc:subfield code="2">rdacarrier</marc:subfield>
      </marc:datafield>
      <marc:datafield tag="347" ind1=" " ind2=" ">
         <marc:subfield code="a">text file</marc:subfield>
         <marc:subfield code="2">rdaft</marc:subfield>
      </marc:datafield>
      <marc:datafield tag="347" ind1=" " ind2=" ">
         <marc:subfield code="b">PDF</marc:subfield>
      </marc:datafield>
      <marc:datafield tag="538" ind1=" " ind2=" ">
         <marc:subfield code="a">System requirements: Adobe Reader or other PDF viewer.</marc:subfield>
      </marc:datafield>
      <marc:datafield tag="588" ind1=" " ind2=" ">
         <marc:subfield code="a">Description based on online resource; title from PDF title page.</marc:subfield>
      </marc:datafield>
      <marc:datafield tag="500" ind1=" " ind2=" ">
         <marc:subfield code="a">Extent pagination is PDF page count.</marc:subfield>
      </marc:datafield>
      <marc:datafield tag="500" ind1=" " ind2=" ">
         <marc:subfield code="a">Advisory committee: Emily Lemmon, Professor Co-Directing Dissertation; Joseph Travis, Professor Co-Directing Dissertation; Peter Beerli, University Representative; D. Bruce Means, Committee Member; Nora Underwood, Committee Member.</marc:subfield>
      </marc:datafield>
      <marc:datafield tag="500" ind1=" " ind2=" ">
         <marc:subfield code="a">A Dissertation submitted to the Department of Biological Science in partial fulfillment of the requirements for the degree of Doctor of Philosophy.</marc:subfield>
      </marc:datafield>
      <marc:datafield tag="500" ind1=" " ind2=" ">
         <marc:subfield code="a">Date of Defense: July 6, 2022.</marc:subfield>
      </marc:datafield>
      <marc:datafield tag="500" ind1=" " ind2=" ">
         <marc:subfield code="a">Keywords: amphibians, Conservation, decline, disease, salamanders.</marc:subfield>
      </marc:datafield>
      <marc:datafield tag="502" ind1=" " ind2=" ">
         <marc:subfield code="b">Ph.D.</marc:subfield>
         <marc:subfield code="c">Florida State University</marc:subfield>
         <marc:subfield code="d">2022.</marc:subfield>
      </marc:datafield>
      <marc:datafield tag="520" ind1="3" ind2=" ">
         <marc:subfield code="a">Salamanders are often the most abundant vertebrates in forest communities and perform important ecological functions by acting as both predators and prey. Their decline, extirpation, and potential extinction can have dramatic effects on the environment through disruption of predator-prey interactions and alteration of nutrient cycles. Salamanders are also sensitive to habitat encroachment, disease, chemical contamination, and climate change, and their declines serve as an indication that environmental health may be compromised. Unfortunately, salamander declines and extinctions have been reported around the world. Several causes contribute to the declines including land use change, chemical contamination, over exploitation, invasive species, climate change and emerging pathogens.In the Eastern US, salamanders have experienced precipitous declines since at least the 1950s. Some have identifiable causes, but many declines are enigmatic, and studies are needed to identify potential causes and assess population status before restoration is possible. In Florida, declines have been reported in populations of Frosted Flatwoods Salamanders (A. cingulatum), Reticulated Flatwoods Salamanders (Ambystoma bishopi), Striped Newts (Notophthalmus perstriatus) and presumed Spotted Dusky Salamanders (D. cf. conanti). Two other salamanders in Florida may also be in decline: the Seal Salamander (Desmognathus monticola) and the Southern Dusky Salamander (D. auriculatus). Dusky Salamanders (Family: Plethodontidae, Genus: Desmognathus) represent an understudied clade of lungless amphibians which are difficult to distinguish due to morphological conservatism. However, modern genetic techniques are revealing a previously hidden abundance of diversity, suggesting that local extirpation of “populations” may in fact represent species level extinctions. The overarching goals of my dissertation was to evaluate the current status of D. monticola and D. auriculatus in Florida and attempt to identify possible agents of their decline. I also investigated the prevalence of amphibian chytrid pathogens in historic and contemporary salamander populations in Florida. To answer my first question, I established historic location distributions in Florida from museum preserved specimens and surveyed all possible historic sites with traditional field techniques. Desmognathus monticola was restricted to a small series of ravines forming an unnamed tributary of Canoe Creek, Escambia Co. We were unable to locate any specimens in the field, and show the population declined after their initial discovery in 1969. Desmognathus monticola has not been seen in the state of Florida since 2002 and appears to have been extirpated by poor land use practices. For D. auriculatus, I developed a custom environmental DNA (eDNA) assay and field collection technique to assist with species detection. I tested the effect of lentic versus lotic water habitat and pH on the efficacy of detecting D. auriculatus eDNA at sites of known presence. Although I found no significant effect of pH on eDNA detection success, I was unable to detect eDNA in lentic systems. However, I achieved 100% detection success at lotic system sites. I also detected D. auriculatus eDNA at one site of previously unknown presence but was unable to locate any live specimens during traditional surveys. I recommend conducting additional surveys at the site to ensure the eDNA detection was not a false positive. Finally, I conducted extensive field surveys throughout Florida to locate populations of D. auriculatus. I surveyed most historic collection sites and many new sites but found an extreme reduction in their area of occupancy, with the decline occurring in the 1970s. The Southern Dusky Salamander is now restricted to a few fragmented pockets in North Florida and appears to be extinct in the Florida Peninsula. Although the amphibian chytrid pathogen Batrachochytrium dendrobatidis (Bd) is present in current and historic salamander populations, its prevalence is low and does not appear to be the agent of decline. However, it is possible that infected wild D. auriculatus die shortly after contracting Bd and went untested, biasing our results. I was unable to determine the agent of D. auriculatus’ decline, but comment on potential causes. In conclusion, my research is the first formal survey of the status of D. monticola since its initial discovery in 1969. I cannot assign a cause to its disappearance, but the most likely candidate is habitat destruction from poor forestry management. My research is also the first formal survey of D. auriculatus’ status throughout the state of Florida. I demonstrate the utility of eDNA in locating the species, identify remaining populations, and address several possible causes of the species’ decline.</marc:subfield>
      </marc:datafield>
      <marc:datafield tag="504" ind1=" " ind2=" ">
         <marc:subfield code="a">Includes bibliographical references.</marc:subfield>
      </marc:datafield>
      <marc:datafield tag="650" ind1=" " ind2="0">
         <marc:subfield code="a">Ecology</marc:subfield>
      </marc:datafield>
      <marc:datafield tag="655" ind1=" " ind2="7">
         <marc:subfield code="a">Electronic Thesis or Dissertation.</marc:subfield>
         <marc:subfield code="2">dct</marc:subfield>
      </marc:datafield>
      <marc:datafield tag="690" ind1=" " ind2="7">
         <marc:subfield code="a">FSU Dissertations.</marc:subfield>
         <marc:subfield code="2">local</marc:subfield>
         <marc:subfield code="9">LOCAL</marc:subfield>
      </marc:datafield>
      <marc:datafield tag="710" ind1="2" ind2=" ">
         <marc:subfield code="a">Florida State University.</marc:subfield>
         <marc:subfield code="e">degree granting institution.</marc:subfield>
         <marc:subfield code="0">http://id.loc.gov/authorities/names/n80126238</marc:subfield>
      </marc:datafield>
      <marc:datafield tag="856" ind1="4" ind2="0">
         <marc:subfield code="3">DigiNole</marc:subfield>
         <marc:subfield code="u">https://purl.lib.fsu.edu/diginole/2022_Summer_Holzheuser_fsu_0071E_17389</marc:subfield>
         <marc:subfield code="y">Connect to online content:</marc:subfield>
      </marc:datafield>
      <marc:datafield tag="796" ind1="1" ind2=" ">
         <marc:subfield code="a">Lemmon, Emily C.,</marc:subfield>
         <marc:subfield code="e">professor co-directing dissertation</marc:subfield>
         <marc:subfield code="9">LOCAL</marc:subfield>
      </marc:datafield>
      <marc:datafield tag="796" ind1="1" ind2=" ">
         <marc:subfield code="a">Travis, Joseph,</marc:subfield>
         <marc:subfield code="d">1953-</marc:subfield>
         <marc:subfield code="e">professor co-directing dissertation</marc:subfield>
         <marc:subfield code="9">LOCAL</marc:subfield>
      </marc:datafield>
      <marc:datafield tag="796" ind1="1" ind2=" ">
         <marc:subfield code="a">Beerli, Peter,</marc:subfield>
         <marc:subfield code="e">university representative</marc:subfield>
         <marc:subfield code="9">LOCAL</marc:subfield>
      </marc:datafield>
      <marc:datafield tag="796" ind1="1" ind2=" ">
         <marc:subfield code="a">Means, D. Bruce,</marc:subfield>
         <marc:subfield code="e">committee member</marc:subfield>
         <marc:subfield code="9">LOCAL</marc:subfield>
      </marc:datafield>
      <marc:datafield tag="796" ind1="1" ind2=" ">
         <marc:subfield code="a">Underwood, Nora C.,</marc:subfield>
         <marc:subfield code="e">committee member</marc:subfield>
         <marc:subfield code="9">LOCAL</marc:subfield>
      </marc:datafield>
      <marc:datafield tag="797" ind1="2" ind2=" ">
         <marc:subfield code="a">Florida State University.</marc:subfield>
         <marc:subfield code="b">Department of Biological Science.</marc:subfield>
         <marc:subfield code="9">LOCAL</marc:subfield>
      </marc:datafield>
      <marc:datafield tag="904" ind1=" " ind2=" ">
         <marc:subfield code="a">0</marc:subfield>
         <marc:subfield code="9">LOCAL</marc:subfield>
      </marc:datafield>
   </marc:record>