
   <marc:record>
      <marc:leader>     nam  22      i 4500</marc:leader>
      <marc:controlfield tag="006">m     o  d        </marc:controlfield>
      <marc:controlfield tag="007">cr |||||||||||</marc:controlfield>
      <marc:controlfield tag="008">      s2022    flu     obm   000 0 eng d</marc:controlfield>
      <marc:datafield tag="040" ind1=" " ind2=" ">
         <marc:subfield code="a">FDA</marc:subfield>
         <marc:subfield code="b">eng</marc:subfield>
         <marc:subfield code="e">rda</marc:subfield>
         <marc:subfield code="c">FDA</marc:subfield>
      </marc:datafield>
      <marc:datafield tag="050" ind1=" " ind2="4">
         <marc:subfield code="a">QC</marc:subfield>
      </marc:datafield>
      <marc:datafield tag="100" ind1="1" ind2=" ">
         <marc:subfield code="a">Hu, Tianqi,</marc:subfield>
         <marc:subfield code="e">author</marc:subfield>
      </marc:datafield>
      <marc:datafield tag="245" ind1="1" ind2="0">
         <marc:subfield code="a">Measurements of γp → pη Differential Cross Sections and γp → pω Differential Cross Sections and Spin Density Matrix Elements ρ0, ρ3 Using CLAS at Jefferson Lab :</marc:subfield>
         <marc:subfield code="b">A Study of the Production Mechanisms /</marc:subfield>
         <marc:subfield code="c">by Tianqi Hu</marc:subfield>
      </marc:datafield>
      <marc:datafield tag="264" ind1=" " ind2="1">
         <marc:subfield code="a">Tallahassee, Florida :</marc:subfield>
         <marc:subfield code="b">Florida State University,</marc:subfield>
         <marc:subfield code="c">2022</marc:subfield>
      </marc:datafield>
      <marc:datafield tag="300" ind1=" " ind2=" ">
         <marc:subfield code="a">1 online resource (142 pages)</marc:subfield>
      </marc:datafield>
      <marc:datafield tag="336" ind1=" " ind2=" ">
         <marc:subfield code="a">text</marc:subfield>
         <marc:subfield code="b">txt</marc:subfield>
         <marc:subfield code="2">rdacontent</marc:subfield>
      </marc:datafield>
      <marc:datafield tag="337" ind1=" " ind2=" ">
         <marc:subfield code="a">computer</marc:subfield>
         <marc:subfield code="b">c</marc:subfield>
         <marc:subfield code="2">rdamedia</marc:subfield>
      </marc:datafield>
      <marc:datafield tag="338" ind1=" " ind2=" ">
         <marc:subfield code="a">online resource</marc:subfield>
         <marc:subfield code="b">cr</marc:subfield>
         <marc:subfield code="2">rdacarrier</marc:subfield>
      </marc:datafield>
      <marc:datafield tag="347" ind1=" " ind2=" ">
         <marc:subfield code="a">text file</marc:subfield>
         <marc:subfield code="2">rdaft</marc:subfield>
      </marc:datafield>
      <marc:datafield tag="347" ind1=" " ind2=" ">
         <marc:subfield code="b">PDF</marc:subfield>
      </marc:datafield>
      <marc:datafield tag="538" ind1=" " ind2=" ">
         <marc:subfield code="a">System requirements: Adobe Reader or other PDF viewer.</marc:subfield>
      </marc:datafield>
      <marc:datafield tag="588" ind1=" " ind2=" ">
         <marc:subfield code="a">Description based on online resource; title from PDF title page.</marc:subfield>
      </marc:datafield>
      <marc:datafield tag="500" ind1=" " ind2=" ">
         <marc:subfield code="a">Extent pagination is PDF page count.</marc:subfield>
      </marc:datafield>
      <marc:datafield tag="500" ind1=" " ind2=" ">
         <marc:subfield code="a">Advisory committee: Volker Crede, Professor Directing Dissertation; Timothy Megraw, University Representative; Paul Eugenio, Committee Member; Jorge Piekarewicz, Committee Member; Todd Adams, Committee Member.</marc:subfield>
      </marc:datafield>
      <marc:datafield tag="500" ind1=" " ind2=" ">
         <marc:subfield code="a">A Dissertation submitted to the Department of Physics in partial fulfillment of the requirements for the degree of Doctor of Philosophy.</marc:subfield>
      </marc:datafield>
      <marc:datafield tag="500" ind1=" " ind2=" ">
         <marc:subfield code="a">Date of Defense: June 2, 2022.</marc:subfield>
      </marc:datafield>
      <marc:datafield tag="502" ind1=" " ind2=" ">
         <marc:subfield code="b">Ph.D.</marc:subfield>
         <marc:subfield code="c">Florida State University</marc:subfield>
         <marc:subfield code="d">2022.</marc:subfield>
      </marc:datafield>
      <marc:datafield tag="520" ind1="3" ind2=" ">
         <marc:subfield code="a">Meson photoproduction off the nucleon has long been serving as a tool for understanding the properties of hadrons. At lower energy scales, the production mechanisms are dominated by the $s$-channel inelastic scattering process, where the proton absorbs the photon, gets excited to the resonance state, and then decays. Nucleon resonances have been extensively studied in this energy regime using techniques such as partial wave analysis. When the energy scale increases, the production mechanism gradually transitions from the formation of nucleon resonances to the pure scattering process, corresponding to the $t$- and $u$-channel exchange. However, the scarcity of cross section and polarization data over the photon energy range 3-6 GeV have thus far hindered our understanding of the mechanism transition from nucleon resonance to the $t$-channel Pomeron and Reggeon exchange. This work presents differential cross sections for the reaction $\gamma p\rightarrow p\eta$ with energy-tagged photon energies between 1.2 and 4.7 GeV using the CLAS spectrometer at Jefferson Laboratory. The $\eta$ meson is reconstructed in its dominant charged decay channel $\eta\rightarrow \pi^{+}\pi^{-}\pi^{0}$. The energy scale extends from the nucleon resonance regime to the Regge regime, allowing for studying the $t$-channel exchange mechanisms. The d$\sigma/$d$\Omega$ differential cross sections are compared with predictions of $\eta$-MAID 2018 and the latest solution of the Bonn-Gatchina coupled-channel analysis. In the energy regime $W&gt;2.5$ GeV, the d$\sigma/$d$t$ differential cross sections are presented in comparison with the Regge model from the Joint Physics Analysis Center. The data confirm the expected dominance of $\rho$, $\omega$ vector-meson exchange. Differential cross sections and spin density matrix elements (SDMEs) are also measured for the reaction $\gamma p\rightarrow p\omega$ in the energy range $1.6&lt;E_{\gamma}&lt;5.4$ GeV. The $\omega$ mesons are detected in their dominant charged decay mode $\omega\rightarrow \pi^{+}\pi^{-}\pi^{0}$. In the center-of-mass energy range $W\in$ [2.45, 3.25] GeV, the d$\sigma/$d$t$ differential cross sections are presented in comparison with the prediction of the Regge model provided by J. M. Laget. Circularly-polarized SDMEs Im$(\rho_{10}^{3})$ and Im$(\rho_{1-1}^{3})$ are measured for the first time, while the unpolarized SDMEs $\rho_{00}^{0}$, $\rho_{1-1}^{0}$ and Re$(\rho_{10}^{0})$ in the higher momentum transfer regime $-t&gt;0.6$ GeV$^{2}$ are also first measurements. The unpolarized SDMEs are compared with two models from J. M. Laget and the Joint Physics Analysis Center, respectively. The behavior of $\rho_{00}^{0}$ and Re$(\rho_{10}^{0})$ is consistent with the model predictions, whereas $\rho_{1-1}^{0}$ goes to the opposite sign direction relative to the models. Given the relative proportion between the natural- and unnatural-parity exchanges plays an important role in shaping the matrix element $\rho_{1-1}^{0}$, this discrepancy indicates the new data are in favor of smaller contribution of the unnatural-parity exchange than the model predicts.</marc:subfield>
      </marc:datafield>
      <marc:datafield tag="504" ind1=" " ind2=" ">
         <marc:subfield code="a">Includes bibliographical references.</marc:subfield>
      </marc:datafield>
      <marc:datafield tag="650" ind1=" " ind2="0">
         <marc:subfield code="a">Physics</marc:subfield>
      </marc:datafield>
      <marc:datafield tag="655" ind1=" " ind2="7">
         <marc:subfield code="a">Electronic Thesis or Dissertation.</marc:subfield>
         <marc:subfield code="2">dct</marc:subfield>
      </marc:datafield>
      <marc:datafield tag="690" ind1=" " ind2="7">
         <marc:subfield code="a">FSU Dissertations.</marc:subfield>
         <marc:subfield code="2">local</marc:subfield>
         <marc:subfield code="9">LOCAL</marc:subfield>
      </marc:datafield>
      <marc:datafield tag="710" ind1="2" ind2=" ">
         <marc:subfield code="a">Florida State University.</marc:subfield>
         <marc:subfield code="e">degree granting institution.</marc:subfield>
         <marc:subfield code="0">http://id.loc.gov/authorities/names/n80126238</marc:subfield>
      </marc:datafield>
      <marc:datafield tag="856" ind1="4" ind2="0">
         <marc:subfield code="3">DigiNole</marc:subfield>
         <marc:subfield code="u">https://purl.lib.fsu.edu/diginole/2022_Summer_Hu_fsu_0071E_17310</marc:subfield>
         <marc:subfield code="y">Connect to online content:</marc:subfield>
      </marc:datafield>
      <marc:datafield tag="796" ind1="1" ind2=" ">
         <marc:subfield code="a">Crede, Volker,</marc:subfield>
         <marc:subfield code="e">professor directing dissertation</marc:subfield>
         <marc:subfield code="9">LOCAL</marc:subfield>
      </marc:datafield>
      <marc:datafield tag="796" ind1="1" ind2=" ">
         <marc:subfield code="a">Megraw, Timothy L.,</marc:subfield>
         <marc:subfield code="e">university representative</marc:subfield>
         <marc:subfield code="9">LOCAL</marc:subfield>
      </marc:datafield>
      <marc:datafield tag="796" ind1="1" ind2=" ">
         <marc:subfield code="a">Eugenio, Paul Michael,</marc:subfield>
         <marc:subfield code="d">1966-</marc:subfield>
         <marc:subfield code="e">committee member</marc:subfield>
         <marc:subfield code="9">LOCAL</marc:subfield>
      </marc:datafield>
      <marc:datafield tag="796" ind1="1" ind2=" ">
         <marc:subfield code="a">Piekarewicz, Jorge,</marc:subfield>
         <marc:subfield code="e">committee member</marc:subfield>
         <marc:subfield code="9">LOCAL</marc:subfield>
      </marc:datafield>
      <marc:datafield tag="796" ind1="1" ind2=" ">
         <marc:subfield code="a">Adams, Todd,</marc:subfield>
         <marc:subfield code="e">committee member</marc:subfield>
         <marc:subfield code="9">LOCAL</marc:subfield>
      </marc:datafield>
      <marc:datafield tag="797" ind1="2" ind2=" ">
         <marc:subfield code="a">Florida State University.</marc:subfield>
         <marc:subfield code="b">Department of Physics.</marc:subfield>
         <marc:subfield code="9">LOCAL</marc:subfield>
      </marc:datafield>
      <marc:datafield tag="904" ind1=" " ind2=" ">
         <marc:subfield code="a">0</marc:subfield>
         <marc:subfield code="9">LOCAL</marc:subfield>
      </marc:datafield>
   </marc:record>