
   <marc:record>
      <marc:leader>     nam  22      i 4500</marc:leader>
      <marc:controlfield tag="006">m     o  d        </marc:controlfield>
      <marc:controlfield tag="007">cr |||||||||||</marc:controlfield>
      <marc:controlfield tag="008">      s2022    flu     obm   000 0 eng d</marc:controlfield>
      <marc:datafield tag="040" ind1=" " ind2=" ">
         <marc:subfield code="a">FDA</marc:subfield>
         <marc:subfield code="b">eng</marc:subfield>
         <marc:subfield code="e">rda</marc:subfield>
         <marc:subfield code="c">FDA</marc:subfield>
      </marc:datafield>
      <marc:datafield tag="050" ind1=" " ind2="4">
         <marc:subfield code="a">QA76.27</marc:subfield>
      </marc:datafield>
      <marc:datafield tag="100" ind1="1" ind2=" ">
         <marc:subfield code="a">Khan, Md Muhib,</marc:subfield>
         <marc:subfield code="e">author</marc:subfield>
      </marc:datafield>
      <marc:datafield tag="245" ind1="1" ind2="0">
         <marc:subfield code="a">Tuning and Optimization of Resource Management for Data Analytics Applications /</marc:subfield>
         <marc:subfield code="c">by Md Muhib Khan</marc:subfield>
      </marc:datafield>
      <marc:datafield tag="264" ind1=" " ind2="1">
         <marc:subfield code="a">Tallahassee, Florida :</marc:subfield>
         <marc:subfield code="b">Florida State University,</marc:subfield>
         <marc:subfield code="c">2022</marc:subfield>
      </marc:datafield>
      <marc:datafield tag="300" ind1=" " ind2=" ">
         <marc:subfield code="a">1 online resource (108 pages)</marc:subfield>
      </marc:datafield>
      <marc:datafield tag="336" ind1=" " ind2=" ">
         <marc:subfield code="a">text</marc:subfield>
         <marc:subfield code="b">txt</marc:subfield>
         <marc:subfield code="2">rdacontent</marc:subfield>
      </marc:datafield>
      <marc:datafield tag="337" ind1=" " ind2=" ">
         <marc:subfield code="a">computer</marc:subfield>
         <marc:subfield code="b">c</marc:subfield>
         <marc:subfield code="2">rdamedia</marc:subfield>
      </marc:datafield>
      <marc:datafield tag="338" ind1=" " ind2=" ">
         <marc:subfield code="a">online resource</marc:subfield>
         <marc:subfield code="b">cr</marc:subfield>
         <marc:subfield code="2">rdacarrier</marc:subfield>
      </marc:datafield>
      <marc:datafield tag="347" ind1=" " ind2=" ">
         <marc:subfield code="a">text file</marc:subfield>
         <marc:subfield code="2">rdaft</marc:subfield>
      </marc:datafield>
      <marc:datafield tag="347" ind1=" " ind2=" ">
         <marc:subfield code="b">PDF</marc:subfield>
      </marc:datafield>
      <marc:datafield tag="538" ind1=" " ind2=" ">
         <marc:subfield code="a">System requirements: Adobe Reader or other PDF viewer.</marc:subfield>
      </marc:datafield>
      <marc:datafield tag="588" ind1=" " ind2=" ">
         <marc:subfield code="a">Description based on online resource; title from PDF title page.</marc:subfield>
      </marc:datafield>
      <marc:datafield tag="500" ind1=" " ind2=" ">
         <marc:subfield code="a">Extent pagination is PDF page count.</marc:subfield>
      </marc:datafield>
      <marc:datafield tag="500" ind1=" " ind2=" ">
         <marc:subfield code="a">Advisory committee: Weikuan Yu, Professor Directing Dissertation; Qing Mai, University Representative; An-I A. Wang, Committee Member; Shayok Chakraborty, Committee Member.</marc:subfield>
      </marc:datafield>
      <marc:datafield tag="500" ind1=" " ind2=" ">
         <marc:subfield code="a">A Dissertation submitted to the Department of Computer Science in partial fulfillment of the requirements for the degree of Doctor of Philosophy.</marc:subfield>
      </marc:datafield>
      <marc:datafield tag="500" ind1=" " ind2=" ">
         <marc:subfield code="a">Date of Defense: June 28, 2022.</marc:subfield>
      </marc:datafield>
      <marc:datafield tag="500" ind1=" " ind2=" ">
         <marc:subfield code="a">Keywords: Bayesian optimization, big data analytics, cloud computing, hybrid memory, performance tuning, spark configurations.</marc:subfield>
      </marc:datafield>
      <marc:datafield tag="502" ind1=" " ind2=" ">
         <marc:subfield code="b">Ph.D.</marc:subfield>
         <marc:subfield code="c">Florida State University</marc:subfield>
         <marc:subfield code="d">2022.</marc:subfield>
      </marc:datafield>
      <marc:datafield tag="520" ind1="3" ind2=" ">
         <marc:subfield code="a">We are currently in the era of big data, where data of enormous volume and variety is generated continuously, and they need to be captured, processed, and analyzed at a high velocity.Many users have increasingly adopted big data analytics to analyze and extract value (e.g., supporting business decisions and uncovering new insights) from massive amounts of data. Modern cluster computing frameworks (e.g., Spark) have facilitated this widespread adoption of analytics by providing developer-friendly APIs and excellent performance on diverse systems. While modern data analytics frameworks have achieved incredible advancements in terms of speed and performance, non-trivial challenges have emerged due to various factors, such as the increasing size of datasets, increasing complexity of the configuration-performance relationship, and a shift from on-premise infrastructure to the cloud. These challenges need to be tackled for the continued growth of the big data revolution. The growing trend of larger dataset sizes translates to a higher requirement for system resources (e.g., compute, memory, storage).This increase in demand is exacerbated by the fact that modern data analytics frameworks rely heavily on memory for providing significant performance gains over the previous generation of disk-based frameworks. Currently, the decrease in DRAM price is outpaced by the growth in dataset sizes, and Non-Volatile Memory (NVM) is a promising solution for meeting the increasing demand for memory. However, a complete replacement of DRAM by NVM is not viable due to NVM having several drawbacks, namely higher access latency, lower bandwidth, and endurance. Thus hybrid memory architectures that provide higher capacity at a lower cost by combining DRAM and NVM to overcome the disadvantages of NVM have been proposed to tackle the issue of increased memory requirement. Unfortunately, current memory management mechanisms within modern data analytics frameworks are not suitable for hybrid memory and require to be redesigned and optimized for taking advantage of such systems. Even if data analytics systems have enough resources, achieving optimal utilization to extract the best workload performance is immensely challenging. For proper utilization of cluster resources, analytics workloads need to run on optimal configurations. As modern data analytics frameworks mature, more configuration parameters are introduced for adapting to new use cases and systems. While new parameters allow the frameworks to be more flexible and versatile, this increases the dimensionality of the configuration space. Each new dimension in the configuration space exponentially increases the number of possible configurations, which makes determining the optimal configuration significantly difficult. Furthermore, the relationship between workload configuration and performance is complex. Existing tuning solutions require numerous workload execution samples to train a performance model for handling the complex configuration-performance relationship. However, running analytics workloads with large datasets is costly, rendering current solutions unsuitable in most real-life scenarios. A viable automated tuner needs to recommend optimal or near-optimal configurations within a limited number of iterations and keep costs low. Another phenomenon that adds to the challenge of optimal resource allocation and utilization is the shift towards the cloud for running analytics workloads. Cloud service providers offer hundreds of Virtual Machine (VM) types that differ in compute, memory, network, and storage capabilities. Choosing the optimal number and type of VMs from the numerous possible combinations for workload deployment is a significant challenge. While contemporary solutions have advanced the field of cloud configuration tuning, they have limitations in the form of predetermined search spaces and underutilization of domain-based heuristics. This dissertation tackles the mentioned issues through three studies that propose architectural modifications and novel automated tuning frameworks for efficient data analytics.Firstly, we investigate the integration of Non-Volatile Memory (NVM) through hybridization in the memory management mechanisms of Spark. We propose several modifications to the software stack to effectively support the hybridization of the Spark cache in an optimized manner. Our evaluation results have demonstrated that the proposed hybridization strategy keeps the increase in execution time minimal while only requiring a fraction of DRAM compared to a fully DRAM system. Secondly, we offer a high-dimensional cluster configuration tuner called ROBOTune that finds optimal or near-optimal configurations for efficient data analytics. ROBOTune employs a Random Forests model to handle the high-dimensionality of the analytics configuration space and couples it with a Bayesian Optimization engine to search for optimal configurations within a limited budget. Evaluation of an extensive set of applications shows that ROBOTune finds configurations that perform better on average while significantly improving search cost and search speed compared to contemporary solutions. Thirdly, we propose a cloud resource allocation tuner BoundConfig, which utilizes framework-level execution metrics for dynamically determining a workload-specific cloud VM search space. We also employ domain-driven heuristics for identifying well-performing initial configurations to bootstrap the tuning process. Furthermore, BoundConfig couples these techniques with a Bayesian Optimizer equipped with a noise-resilient acquisition function and metric-based output constraints that guide the search. Workload-specific search spaces reduce the tuning cost, while well-performing initial configurations speed up the process. Our extensive experiments for BoundConfig on AWS EC2 have demonstrated its significant advantage in search speed and cost compared to contemporary solutions.</marc:subfield>
      </marc:datafield>
      <marc:datafield tag="504" ind1=" " ind2=" ">
         <marc:subfield code="a">Includes bibliographical references.</marc:subfield>
      </marc:datafield>
      <marc:datafield tag="650" ind1=" " ind2="0">
         <marc:subfield code="a">Computer science</marc:subfield>
      </marc:datafield>
      <marc:datafield tag="655" ind1=" " ind2="7">
         <marc:subfield code="a">Electronic Thesis or Dissertation.</marc:subfield>
         <marc:subfield code="2">dct</marc:subfield>
      </marc:datafield>
      <marc:datafield tag="690" ind1=" " ind2="7">
         <marc:subfield code="a">FSU Dissertations.</marc:subfield>
         <marc:subfield code="2">local</marc:subfield>
         <marc:subfield code="9">LOCAL</marc:subfield>
      </marc:datafield>
      <marc:datafield tag="710" ind1="2" ind2=" ">
         <marc:subfield code="a">Florida State University.</marc:subfield>
         <marc:subfield code="e">degree granting institution.</marc:subfield>
         <marc:subfield code="0">http://id.loc.gov/authorities/names/n80126238</marc:subfield>
      </marc:datafield>
      <marc:datafield tag="856" ind1="4" ind2="0">
         <marc:subfield code="3">DigiNole</marc:subfield>
         <marc:subfield code="u">https://purl.lib.fsu.edu/diginole/2022_Summer_Khan_fsu_0071E_17324</marc:subfield>
         <marc:subfield code="y">Connect to online content:</marc:subfield>
      </marc:datafield>
      <marc:datafield tag="796" ind1="1" ind2=" ">
         <marc:subfield code="a">Yu, Weikuan,</marc:subfield>
         <marc:subfield code="e">professor directing dissertation</marc:subfield>
         <marc:subfield code="9">LOCAL</marc:subfield>
      </marc:datafield>
      <marc:datafield tag="796" ind1="1" ind2=" ">
         <marc:subfield code="a">Mai, Qing,</marc:subfield>
         <marc:subfield code="e">university representative</marc:subfield>
         <marc:subfield code="9">LOCAL</marc:subfield>
      </marc:datafield>
      <marc:datafield tag="796" ind1="1" ind2=" ">
         <marc:subfield code="a">Wang, An-I Andy,</marc:subfield>
         <marc:subfield code="e">committee member</marc:subfield>
         <marc:subfield code="9">LOCAL</marc:subfield>
      </marc:datafield>
      <marc:datafield tag="796" ind1="1" ind2=" ">
         <marc:subfield code="a">Chakraborty, Shayok,</marc:subfield>
         <marc:subfield code="e">committee member</marc:subfield>
         <marc:subfield code="9">LOCAL</marc:subfield>
      </marc:datafield>
      <marc:datafield tag="797" ind1="2" ind2=" ">
         <marc:subfield code="a">Florida State University.</marc:subfield>
         <marc:subfield code="b">Department of Computer Science.</marc:subfield>
         <marc:subfield code="9">LOCAL</marc:subfield>
      </marc:datafield>
      <marc:datafield tag="904" ind1=" " ind2=" ">
         <marc:subfield code="a">0</marc:subfield>
         <marc:subfield code="9">LOCAL</marc:subfield>
      </marc:datafield>
   </marc:record>