
   <marc:record>
      <marc:leader>     nam  22      i 4500</marc:leader>
      <marc:controlfield tag="006">m     o  d        </marc:controlfield>
      <marc:controlfield tag="007">cr |||||||||||</marc:controlfield>
      <marc:controlfield tag="008">      s2022    flu     obm   000 0 eng d</marc:controlfield>
      <marc:datafield tag="040" ind1=" " ind2=" ">
         <marc:subfield code="a">FDA</marc:subfield>
         <marc:subfield code="b">eng</marc:subfield>
         <marc:subfield code="e">rda</marc:subfield>
         <marc:subfield code="c">FDA</marc:subfield>
      </marc:datafield>
      <marc:datafield tag="050" ind1=" " ind2="4">
         <marc:subfield code="a">TJ</marc:subfield>
      </marc:datafield>
      <marc:datafield tag="100" ind1="1" ind2=" ">
         <marc:subfield code="a">Khobragade, Nikhil,</marc:subfield>
         <marc:subfield code="e">author</marc:subfield>
      </marc:datafield>
      <marc:datafield tag="245" ind1="1" ind2="0">
         <marc:subfield code="a">Experimental and Numerical Characterization of a Generic Mixed-Compression Supersonic Intake /</marc:subfield>
         <marc:subfield code="c">by Nikhil Khobragade</marc:subfield>
      </marc:datafield>
      <marc:datafield tag="264" ind1=" " ind2="1">
         <marc:subfield code="a">Tallahassee, Florida :</marc:subfield>
         <marc:subfield code="b">Florida State University,</marc:subfield>
         <marc:subfield code="c">2022</marc:subfield>
      </marc:datafield>
      <marc:datafield tag="300" ind1=" " ind2=" ">
         <marc:subfield code="a">1 online resource (156 pages)</marc:subfield>
      </marc:datafield>
      <marc:datafield tag="336" ind1=" " ind2=" ">
         <marc:subfield code="a">text</marc:subfield>
         <marc:subfield code="b">txt</marc:subfield>
         <marc:subfield code="2">rdacontent</marc:subfield>
      </marc:datafield>
      <marc:datafield tag="337" ind1=" " ind2=" ">
         <marc:subfield code="a">computer</marc:subfield>
         <marc:subfield code="b">c</marc:subfield>
         <marc:subfield code="2">rdamedia</marc:subfield>
      </marc:datafield>
      <marc:datafield tag="338" ind1=" " ind2=" ">
         <marc:subfield code="a">online resource</marc:subfield>
         <marc:subfield code="b">cr</marc:subfield>
         <marc:subfield code="2">rdacarrier</marc:subfield>
      </marc:datafield>
      <marc:datafield tag="347" ind1=" " ind2=" ">
         <marc:subfield code="a">text file</marc:subfield>
         <marc:subfield code="2">rdaft</marc:subfield>
      </marc:datafield>
      <marc:datafield tag="347" ind1=" " ind2=" ">
         <marc:subfield code="b">PDF</marc:subfield>
      </marc:datafield>
      <marc:datafield tag="538" ind1=" " ind2=" ">
         <marc:subfield code="a">System requirements: Adobe Reader or other PDF viewer.</marc:subfield>
      </marc:datafield>
      <marc:datafield tag="588" ind1=" " ind2=" ">
         <marc:subfield code="a">Description based on online resource; title from PDF title page.</marc:subfield>
      </marc:datafield>
      <marc:datafield tag="500" ind1=" " ind2=" ">
         <marc:subfield code="a">Extent pagination is PDF page count.</marc:subfield>
      </marc:datafield>
      <marc:datafield tag="500" ind1=" " ind2=" ">
         <marc:subfield code="a">Advisory committee: Rajan Kumar, Professor Directing Dissertation; Sungmoon Jung, University Representative; Louis Cattafesta, Committee Member; William Oates, Committee Member; S. Unnikrishnan, Committee Member.</marc:subfield>
      </marc:datafield>
      <marc:datafield tag="500" ind1=" " ind2=" ">
         <marc:subfield code="a">A Dissertation submitted to the Department of Mechanical Engineering in partial fulfillment of the requirements for the degree of Doctor of Philosophy.</marc:subfield>
      </marc:datafield>
      <marc:datafield tag="500" ind1=" " ind2=" ">
         <marc:subfield code="a">Date of Defense: June 22, 2022.</marc:subfield>
      </marc:datafield>
      <marc:datafield tag="500" ind1=" " ind2=" ">
         <marc:subfield code="a">Keywords: Backward Facing Step, Compression Ramp, Intake Unstart, SBLI, Shock Train, Supersonic Air Intakes.</marc:subfield>
      </marc:datafield>
      <marc:datafield tag="502" ind1=" " ind2=" ">
         <marc:subfield code="b">Ph.D.</marc:subfield>
         <marc:subfield code="c">Florida State University</marc:subfield>
         <marc:subfield code="d">2022.</marc:subfield>
      </marc:datafield>
      <marc:datafield tag="520" ind1="3" ind2=" ">
         <marc:subfield code="a">The air intake captures the freestream airflow and delivers it to the engine of the parent vehicle for thrust production. The shockwave boundary layer interactions (SBLI) in the intake duct play an important role in defining the flow characteristics of supersonic air intakes. At certain operating conditions, these SBLI may result in large-amplitude oscillations in the intake flow, and be detrimental to the safety and performance of the engine. In addition, the back-pressure rise due to combustion instabilities can cause the intake to unstart. The unstart phenomenon generally turns out to be fatal for aerial vehicles due to loss of thrust and control. In spite of several previous studies focused on the intake unstart at certain operating conditions, a comprehensive understanding of flow states that occur during an unstart process is needed to develop a reliable engine control system. Both active and passive flow control techniques have been employed previously for the SBLI control to improve intake safety and performance. Particularly, cowl SBLI control has been targeted as it plays an important role in defining the performance and unstart characteristics of an intake. It has been shown in the literature that a simple backward-facing step (BFS) can be used as a passive control device for a canonical impinging SBLI. However, the use of a BFS has never been exploited for the SBLI control in supersonic air intakes. Previous studies led to the following questions. 1) Can a passive flow control device (suitably modified BFS) improve the performance of an air intake i.e. total pressure recovery and flow uniformity? 2) How does this passive flow control technique affect the mean flow behavior and dynamics of the air intake at different back-pressures? 3) Will there be any change in the intake unstart characteristics with SBLI control? To answer these questions as our research objectives and to improve our fundamental understanding of the supersonic intake flows, in particular the unstart phenomenon, a comprehensive experimental and numerical investigation is conducted and the results are presented in this work. The passive flow control device investigated in this study is a modified BFS, embedded at the ramp-isolator junction and is called a "Notch". The baseline intake geometry without a Notch is referred to as a Faceted configuration. The experiments include steady and unsteady wall pressure measurements, rake (total) pressures, back-pressure measurements, pressure sensitive-paint (PSP), planar particle image velocimetry (PIV), shadowgraphy, and oil flow visualizations. The numerical simulations include the Navier-Stokes-based mean flow Perturbation (NS-MFP) method for the linear analysis, Large Eddy Simulations (LES), and Reynolds Averaged Navier Stokes (RANS) simulations for the non-linear analysis. Numerical simulations predicted a region of flow separation and Kelvin-Helmholtz (K-H) instability around the isentropic compression surface of the external ramp. The ramp separation bubble also harbors a three-dimensional stationary instability that can induce transition under the influence of shear layer instability. The streamwise oriented G{\"o}rtler vortices break down to turbulence due to secondary instabilities. The flow transitions to turbulence over the ramp before it enters the inlet-isolator duct. At low back-pressures, the inlet-isolator flow is predominantly two-dimensional (2D) and the shock train is located in the divergent section. The experiments displayed a comparatively higher level of pressure fluctuations and a fuller boundary layer in the Notched intake isolator. The LES demonstrated the underlying mechanisms at work is the mid-frequency energization through vortex shedding in a well-developed shear layer. The Notch results in lower static pressures and higher velocity fluctuations, which will reduce the structural loads while improving flow uniformity and total pressure recovery. At high back-pressures, the shock train moves upstream and transitions to an oblique shock train. The notch effectively locks the separation at the ramp-isolator junction which is otherwise free to move in the baseline intake. Strong three-dimensional (3D) behavior exists in the inlet-isolator flow at high back-pressures due to severe adverse pressure gradients and regions of flow separation around the shock train. The highest level of unsteadiness in the intake was found to be around a normal shock train in the isolator. The oblique shock train showed mild low-frequency dynamics which can be linked to the large-scale separation at the isolator entrance. The flow choking near the intake exit triggers the unstart wave which propagates upstream. The unstart occurs through the development of a large-scale separation and boundary layer thickening at the ramp-isolator junction. The Notched intake displayed lower wave speed and a higher margin of unstart as compared to the baseline. The improvement in the understanding of the intake flowfield has laid down a path for future intake flow control efforts. The passive flow control device has displayed the potential to control SBLI and improve performance in supersonic intakes. The lessons learned in this study can be extended to other high-speed flows and applications during design and analysis.</marc:subfield>
      </marc:datafield>
      <marc:datafield tag="504" ind1=" " ind2=" ">
         <marc:subfield code="a">Includes bibliographical references.</marc:subfield>
      </marc:datafield>
      <marc:datafield tag="650" ind1=" " ind2="0">
         <marc:subfield code="a">Mechanical engineering</marc:subfield>
      </marc:datafield>
      <marc:datafield tag="650" ind1=" " ind2="0">
         <marc:subfield code="a">Aerospace engineering</marc:subfield>
      </marc:datafield>
      <marc:datafield tag="655" ind1=" " ind2="7">
         <marc:subfield code="a">Electronic Thesis or Dissertation.</marc:subfield>
         <marc:subfield code="2">dct</marc:subfield>
      </marc:datafield>
      <marc:datafield tag="690" ind1=" " ind2="7">
         <marc:subfield code="a">FSU Dissertations.</marc:subfield>
         <marc:subfield code="2">local</marc:subfield>
         <marc:subfield code="9">LOCAL</marc:subfield>
      </marc:datafield>
      <marc:datafield tag="710" ind1="2" ind2=" ">
         <marc:subfield code="a">Florida State University.</marc:subfield>
         <marc:subfield code="e">degree granting institution.</marc:subfield>
         <marc:subfield code="0">http://id.loc.gov/authorities/names/n80126238</marc:subfield>
      </marc:datafield>
      <marc:datafield tag="856" ind1="4" ind2="0">
         <marc:subfield code="3">DigiNole</marc:subfield>
         <marc:subfield code="u">https://purl.lib.fsu.edu/diginole/2022_Summer_Khobragade_fsu_0071E_17418</marc:subfield>
         <marc:subfield code="y">Connect to online content:</marc:subfield>
      </marc:datafield>
      <marc:datafield tag="796" ind1="1" ind2=" ">
         <marc:subfield code="a">Kumar, Rajan</marc:subfield>
         <marc:subfield code="c">(Professor of Mechanical Engineering),</marc:subfield>
         <marc:subfield code="e">professor directing dissertation</marc:subfield>
         <marc:subfield code="9">LOCAL</marc:subfield>
      </marc:datafield>
      <marc:datafield tag="796" ind1="1" ind2=" ">
         <marc:subfield code="a">Jung, Sungmoon,</marc:subfield>
         <marc:subfield code="e">university representative</marc:subfield>
         <marc:subfield code="9">LOCAL</marc:subfield>
      </marc:datafield>
      <marc:datafield tag="796" ind1="1" ind2=" ">
         <marc:subfield code="a">Cattafesta, Louis N.,</marc:subfield>
         <marc:subfield code="e">committee member</marc:subfield>
         <marc:subfield code="9">LOCAL</marc:subfield>
      </marc:datafield>
      <marc:datafield tag="796" ind1="1" ind2=" ">
         <marc:subfield code="a">Oates, William,</marc:subfield>
         <marc:subfield code="e">committee member</marc:subfield>
         <marc:subfield code="9">LOCAL</marc:subfield>
      </marc:datafield>
      <marc:datafield tag="796" ind1="1" ind2=" ">
         <marc:subfield code="a">Sasidharan Nair, Unnikrishnan,</marc:subfield>
         <marc:subfield code="e">committee member</marc:subfield>
         <marc:subfield code="9">LOCAL</marc:subfield>
      </marc:datafield>
      <marc:datafield tag="797" ind1="2" ind2=" ">
         <marc:subfield code="a">Florida State University.</marc:subfield>
         <marc:subfield code="b">Department of Mechanical Engineering.</marc:subfield>
         <marc:subfield code="9">LOCAL</marc:subfield>
      </marc:datafield>
      <marc:datafield tag="904" ind1=" " ind2=" ">
         <marc:subfield code="a">0</marc:subfield>
         <marc:subfield code="9">LOCAL</marc:subfield>
      </marc:datafield>
   </marc:record>