
   <marc:record>
      <marc:leader>     nam  22      i 4500</marc:leader>
      <marc:controlfield tag="006">m     o  d        </marc:controlfield>
      <marc:controlfield tag="007">cr |||||||||||</marc:controlfield>
      <marc:controlfield tag="008">      s2022    flu     obm   000 0 eng d</marc:controlfield>
      <marc:datafield tag="040" ind1=" " ind2=" ">
         <marc:subfield code="a">FDA</marc:subfield>
         <marc:subfield code="b">eng</marc:subfield>
         <marc:subfield code="e">rda</marc:subfield>
         <marc:subfield code="c">FDA</marc:subfield>
      </marc:datafield>
      <marc:datafield tag="050" ind1=" " ind2="4">
         <marc:subfield code="a">QD151.3</marc:subfield>
      </marc:datafield>
      <marc:datafield tag="100" ind1="1" ind2=" ">
         <marc:subfield code="a">Poe, Todd N.</marc:subfield>
         <marc:subfield code="q">(Todd Noland),</marc:subfield>
         <marc:subfield code="e">author</marc:subfield>
      </marc:datafield>
      <marc:datafield tag="245" ind1="1" ind2="0">
         <marc:subfield code="a">Optimizing Synthetic Conditions for the Stabilization of Divalent Californium /</marc:subfield>
         <marc:subfield code="c">by Todd N. Poe</marc:subfield>
      </marc:datafield>
      <marc:datafield tag="264" ind1=" " ind2="1">
         <marc:subfield code="a">Tallahassee, Florida :</marc:subfield>
         <marc:subfield code="b">Florida State University,</marc:subfield>
         <marc:subfield code="c">2022</marc:subfield>
      </marc:datafield>
      <marc:datafield tag="300" ind1=" " ind2=" ">
         <marc:subfield code="a">1 online resource (321 pages)</marc:subfield>
      </marc:datafield>
      <marc:datafield tag="336" ind1=" " ind2=" ">
         <marc:subfield code="a">text</marc:subfield>
         <marc:subfield code="b">txt</marc:subfield>
         <marc:subfield code="2">rdacontent</marc:subfield>
      </marc:datafield>
      <marc:datafield tag="337" ind1=" " ind2=" ">
         <marc:subfield code="a">computer</marc:subfield>
         <marc:subfield code="b">c</marc:subfield>
         <marc:subfield code="2">rdamedia</marc:subfield>
      </marc:datafield>
      <marc:datafield tag="338" ind1=" " ind2=" ">
         <marc:subfield code="a">online resource</marc:subfield>
         <marc:subfield code="b">cr</marc:subfield>
         <marc:subfield code="2">rdacarrier</marc:subfield>
      </marc:datafield>
      <marc:datafield tag="347" ind1=" " ind2=" ">
         <marc:subfield code="a">text file</marc:subfield>
         <marc:subfield code="2">rdaft</marc:subfield>
      </marc:datafield>
      <marc:datafield tag="347" ind1=" " ind2=" ">
         <marc:subfield code="b">PDF</marc:subfield>
      </marc:datafield>
      <marc:datafield tag="538" ind1=" " ind2=" ">
         <marc:subfield code="a">System requirements: Adobe Reader or other PDF viewer.</marc:subfield>
      </marc:datafield>
      <marc:datafield tag="588" ind1=" " ind2=" ">
         <marc:subfield code="a">Description based on online resource; title from PDF title page.</marc:subfield>
      </marc:datafield>
      <marc:datafield tag="500" ind1=" " ind2=" ">
         <marc:subfield code="a">Extent pagination is PDF page count.</marc:subfield>
      </marc:datafield>
      <marc:datafield tag="500" ind1=" " ind2=" ">
         <marc:subfield code="a">Advisory committee: Thomas E. Albrecht-Schzart, Professor Directing Dissertation; Ingo Wiedenhoever, University Representative; Susan E. Latturner, Committee Member; Robert A. Lazenby, Committee Member.</marc:subfield>
      </marc:datafield>
      <marc:datafield tag="500" ind1=" " ind2=" ">
         <marc:subfield code="a">A Dissertation submitted to the Department of Chemistry and Biochemistry in partial fulfillment of the requirements for the degree of Doctor of Philosophy.</marc:subfield>
      </marc:datafield>
      <marc:datafield tag="500" ind1=" " ind2=" ">
         <marc:subfield code="a">Date of Defense: May 3, 2022.</marc:subfield>
      </marc:datafield>
      <marc:datafield tag="502" ind1=" " ind2=" ">
         <marc:subfield code="b">Ph.D.</marc:subfield>
         <marc:subfield code="c">Florida State University</marc:subfield>
         <marc:subfield code="d">2022.</marc:subfield>
      </marc:datafield>
      <marc:datafield tag="520" ind1="3" ind2=" ">
         <marc:subfield code="a">In comparison to their lanthanide counterparts, the actinide elements are woefully understudied. This is especially true for the trans-plutonium actinides. Known isotopes of the heavier, later actinides possess, in most cases, shorter half-lives relative to the lighter actinides in addition to being more radiotoxic. These issues present significant complications when attempting to collect experimental data regarding the reactivity and bonding characteristics of the trans-plutonium actinides. Studying these elements through computational methods is made similarly difficult in part due to complex variables such as relativity and electron correlation. In light of this, it might seem easier to simply describe the actinides and their behavior as equivalent to that of the lanthanides as the Actinide Concept proposed by Glenn T. Seaborg suggests. However, advances in synthetic methods for handling these rare elements have resulted in the gathering of experimental evidence that, in combination with ever-improving computational methodology, indicate that the behavior of the later actinides does not mirror that of the later lanthanides. This is especially highlighted by the anomalous stabilization of the divalent oxidation state of the later actinides beginning at californium (Z = 98) and increasing onward to nobelium (Z = 102) which is, in fact, most stable in its divalent state at ambient conditions. A similar trend is not observed for the analogous lanthanide congeners of these actinides, and the implications of this phenomenon have been notably relevant for the separation of actinide elements from one another since the discovery of nobelium. Thus, a more thorough understanding of the unique behavior of the later actinides is crucial to understanding why they deviate from the periodicity exhibited by much lighter elements. At present, californium represents the heaviest actinide that synthetic inorganic chemistry can be achieved with and stands as the best option for investigating the nature of the divalent state of the later actinides.Chapter 1 of this work presents a detailed introduction to the typical behavior of the lanthanides and actinides under ambient conditions. An ensuing discussion of the issue of spent nuclear fuel containing many of the later actinides as fission products provides significant reason to understand the subtleties of the behavior of these elements, including the stabilization of the divalent oxidation state, for the development of more efficient separation methods. Given the scarcity of later actinides and difficulty in obtaining them, it is necessary to identify lanthanides that most closely model the behavior of the later actinides. Hence, the proposal and execution of work pertaining to optimizing the stability of relevant divalent lanthanide analogues with organic macrocycles is presented as well as the subsequent californium studies utilizing what was learned through studying the divalent lanthanides. Chapters 2, 3, 4, and 5 detail the experiments performed to explore the interactions of divalent lanthanides like Sm, Eu, and Yb (with special emphasis on Sm) with macrocycles like cryptands and crown ethers from the direct synthesis of LnI2 with these macrocycles in organic media under an inert atmosphere, where Ln = Sm, Eu, and Yb. These studies outline robust syntheses and crystallization methods for the respective divalent lanthanide complexes presented in each chapter. In addition, the properties of the isolated compounds are characterized through various spectroscopic techniques, magnetic studies, and computational results. Chapters 6 and 7 investigate more exotic chemistry with the divalent lanthanides. The former describes the crystallization and characterization of a Dy2+ 18-crown-6 complex while the latter explores the stability of Sm2+ under non-ideal conditions. Chapters 6 and 7 establish the potential to expand the concepts presented in chapters 2, 3, 4, and 5 to more intricate systems which is vital when exploring the more complex actinides. Finally, chapter 8 is a discussion of the culmination of the work in the previous chapters as it is applied to trans-plutonium actinides such as Am and Cf. In the case of Cf, a mixed valent Cf3+/Cf2+ compound was isolated using 18-crown-6 as the stabilizing ligand. Methods used for the synthesis of the starting material and reduction of the trivalent Cf precursor in chapter 8 have yielded more successful results than previous attempts. In addition to the first crystallographic evidence of divalent californium, this work serves as the template for the eventual isolation of the first bulk Cf2+ compound. Finally, chapter 9 is a summation of this body of work and its implications for further exploration of the unique behavior of the trans-plutonium actinides.</marc:subfield>
      </marc:datafield>
      <marc:datafield tag="504" ind1=" " ind2=" ">
         <marc:subfield code="a">Includes bibliographical references.</marc:subfield>
      </marc:datafield>
      <marc:datafield tag="650" ind1=" " ind2="0">
         <marc:subfield code="a">Chemistry, Inorganic</marc:subfield>
      </marc:datafield>
      <marc:datafield tag="655" ind1=" " ind2="7">
         <marc:subfield code="a">Electronic Thesis or Dissertation.</marc:subfield>
         <marc:subfield code="2">dct</marc:subfield>
      </marc:datafield>
      <marc:datafield tag="690" ind1=" " ind2="7">
         <marc:subfield code="a">FSU Dissertations.</marc:subfield>
         <marc:subfield code="2">local</marc:subfield>
         <marc:subfield code="9">LOCAL</marc:subfield>
      </marc:datafield>
      <marc:datafield tag="710" ind1="2" ind2=" ">
         <marc:subfield code="a">Florida State University.</marc:subfield>
         <marc:subfield code="e">degree granting institution.</marc:subfield>
         <marc:subfield code="0">http://id.loc.gov/authorities/names/n80126238</marc:subfield>
      </marc:datafield>
      <marc:datafield tag="856" ind1="4" ind2="0">
         <marc:subfield code="3">DigiNole</marc:subfield>
         <marc:subfield code="u">https://purl.lib.fsu.edu/diginole/2022_Summer_Poe_fsu_0071E_17180</marc:subfield>
         <marc:subfield code="y">Connect to online content:</marc:subfield>
      </marc:datafield>
      <marc:datafield tag="796" ind1="1" ind2=" ">
         <marc:subfield code="a">Albrecht-Schmitt, Thomas E.,</marc:subfield>
         <marc:subfield code="e">professor directing dissertation</marc:subfield>
         <marc:subfield code="9">LOCAL</marc:subfield>
      </marc:datafield>
      <marc:datafield tag="796" ind1="1" ind2=" ">
         <marc:subfield code="a">Weidenhoever, Ingo Ludwing M.,</marc:subfield>
         <marc:subfield code="e">university representative</marc:subfield>
         <marc:subfield code="9">LOCAL</marc:subfield>
      </marc:datafield>
      <marc:datafield tag="796" ind1="1" ind2=" ">
         <marc:subfield code="a">Latturner, Susan,</marc:subfield>
         <marc:subfield code="e">committee member</marc:subfield>
         <marc:subfield code="9">LOCAL</marc:subfield>
      </marc:datafield>
      <marc:datafield tag="796" ind1="1" ind2=" ">
         <marc:subfield code="a">Lazenby, Robert A.,</marc:subfield>
         <marc:subfield code="e">committee member</marc:subfield>
         <marc:subfield code="9">LOCAL</marc:subfield>
      </marc:datafield>
      <marc:datafield tag="797" ind1="2" ind2=" ">
         <marc:subfield code="a">Florida State University.</marc:subfield>
         <marc:subfield code="b">Department of Chemistry and Biochemistry.</marc:subfield>
         <marc:subfield code="9">LOCAL</marc:subfield>
      </marc:datafield>
      <marc:datafield tag="904" ind1=" " ind2=" ">
         <marc:subfield code="a">0</marc:subfield>
         <marc:subfield code="9">LOCAL</marc:subfield>
      </marc:datafield>
   </marc:record>