
   <marc:record>
      <marc:leader>     nam  22      i 4500</marc:leader>
      <marc:controlfield tag="006">m     o  d        </marc:controlfield>
      <marc:controlfield tag="007">cr |||||||||||</marc:controlfield>
      <marc:controlfield tag="008">      s2022    flu     obm   000 0 eng d</marc:controlfield>
      <marc:datafield tag="040" ind1=" " ind2=" ">
         <marc:subfield code="a">FDA</marc:subfield>
         <marc:subfield code="b">eng</marc:subfield>
         <marc:subfield code="e">rda</marc:subfield>
         <marc:subfield code="c">FDA</marc:subfield>
      </marc:datafield>
      <marc:datafield tag="050" ind1=" " ind2="4">
         <marc:subfield code="a">QD71</marc:subfield>
      </marc:datafield>
      <marc:datafield tag="100" ind1="1" ind2=" ">
         <marc:subfield code="a">Popovic, Zeljka,</marc:subfield>
         <marc:subfield code="e">author</marc:subfield>
      </marc:datafield>
      <marc:datafield tag="245" ind1="1" ind2="0">
         <marc:subfield code="a">Applications of Liquid Chromatography Tandem Mass Spectrometry for the Analysis of Complex Mixtures /</marc:subfield>
         <marc:subfield code="c">by Zeljka Popovic</marc:subfield>
      </marc:datafield>
      <marc:datafield tag="264" ind1=" " ind2="1">
         <marc:subfield code="a">Tallahassee, Florida :</marc:subfield>
         <marc:subfield code="b">Florida State University,</marc:subfield>
         <marc:subfield code="c">2022</marc:subfield>
      </marc:datafield>
      <marc:datafield tag="300" ind1=" " ind2=" ">
         <marc:subfield code="a">1 online resource (97 pages)</marc:subfield>
      </marc:datafield>
      <marc:datafield tag="336" ind1=" " ind2=" ">
         <marc:subfield code="a">text</marc:subfield>
         <marc:subfield code="b">txt</marc:subfield>
         <marc:subfield code="2">rdacontent</marc:subfield>
      </marc:datafield>
      <marc:datafield tag="337" ind1=" " ind2=" ">
         <marc:subfield code="a">computer</marc:subfield>
         <marc:subfield code="b">c</marc:subfield>
         <marc:subfield code="2">rdamedia</marc:subfield>
      </marc:datafield>
      <marc:datafield tag="338" ind1=" " ind2=" ">
         <marc:subfield code="a">online resource</marc:subfield>
         <marc:subfield code="b">cr</marc:subfield>
         <marc:subfield code="2">rdacarrier</marc:subfield>
      </marc:datafield>
      <marc:datafield tag="347" ind1=" " ind2=" ">
         <marc:subfield code="a">text file</marc:subfield>
         <marc:subfield code="2">rdaft</marc:subfield>
      </marc:datafield>
      <marc:datafield tag="347" ind1=" " ind2=" ">
         <marc:subfield code="b">PDF</marc:subfield>
      </marc:datafield>
      <marc:datafield tag="538" ind1=" " ind2=" ">
         <marc:subfield code="a">System requirements: Adobe Reader or other PDF viewer.</marc:subfield>
      </marc:datafield>
      <marc:datafield tag="588" ind1=" " ind2=" ">
         <marc:subfield code="a">Description based on online resource; title from PDF title page.</marc:subfield>
      </marc:datafield>
      <marc:datafield tag="500" ind1=" " ind2=" ">
         <marc:subfield code="a">Extent pagination is PDF page count.</marc:subfield>
      </marc:datafield>
      <marc:datafield tag="500" ind1=" " ind2=" ">
         <marc:subfield code="a">Advisory committee: Alan G. Marshall, Professor Directing Dissertation; Fanxiu Zhu, University Representative; Michael G. Roper, Committee Member; Christian Bleiholder, Committee Member.</marc:subfield>
      </marc:datafield>
      <marc:datafield tag="500" ind1=" " ind2=" ">
         <marc:subfield code="a">A Dissertation submitted to the Department of Chemistry and Biochemistry in partial fulfillment of the requirements for the degree of Doctor of Philosophy.</marc:subfield>
      </marc:datafield>
      <marc:datafield tag="500" ind1=" " ind2=" ">
         <marc:subfield code="a">Date of Defense: June 23, 2022.</marc:subfield>
      </marc:datafield>
      <marc:datafield tag="500" ind1=" " ind2=" ">
         <marc:subfield code="a">Keywords: Liquid Chromatographygraphy, Mass Spectrometry, Metabolomics, Proteomics.</marc:subfield>
      </marc:datafield>
      <marc:datafield tag="502" ind1=" " ind2=" ">
         <marc:subfield code="b">Ph.D.</marc:subfield>
         <marc:subfield code="c">Florida State University</marc:subfield>
         <marc:subfield code="d">2022.</marc:subfield>
      </marc:datafield>
      <marc:datafield tag="520" ind1="3" ind2=" ">
         <marc:subfield code="a">From inside our bodies to the environment we live in, there are a wide variety of unknown compounds that have been difficult to identify and characterize through current methods. We aim to study these compounds by liquid chromatography (LC) high-resolution tandem mass spectrometry (MS/MS). LC-MS/MS has become the gold standard for the analysis of complex mixtures due to its capabilities to decrease spectral overlap and high mass measurement accuracy. Proteins are of particular interest biologically because they give insight into various diseases and the health of our biological processes. Analysis of these proteins is hindered by the current methods implemented in laboratories due to the size and characteristics of these compounds and their natural behavior outside of biological systems. Just as import as what is inside the human body is what is in the environment, specifically the Earth’s oceans. Just like proteins in the body, the Earth’s oceans give us a picture into the health of the environment. We know that human activity has severally impacted our atmosphere and water sources. We aim to understand the connections with pollution and the effects it has on oceans, a major water source on Earth. First a broad overview of LC-MS/MS is presented in Chapter 1. The first section discusses the MS instrumentation used for the studies in the following chapters, the 14- and 21-Tesla Fourier Transform Ion Cyclotron Mass Spectrometer (14- and 21-T FT ICR MS). The custom-built system is designed to produce the highest resolution data for compound identification and structural information. Our facilities are also equipped with various liquid chromatography (LC) systems that are used to separate mixtures and decrease sample complexity. Lastly, a brief introduction to various complex mixtures analyzed by LC-MS. The chapters that follow cover the specific studies performed with the knowledge of LC-FT ICR-MS and compound identifications. Chapter 2 discusses a study into the benefits and limitations on the application of isotopic depletion for cultured proteins. Isotopic depletion is a method used to deplete compounds of various heavy isotopes of elements present, most commonly carbon, nitrogen, hydrogen, oxygen, and sulfur. Heavy isotopes effect MS experiments in multiple ways which are investigated in the study for proteins derived from multiple cell lines (E. coli and C. elegan). This work is novel in the application and analysis of isotopically depleted C. elegans proteins The methods used for the biological applications can be applied to the analysis of marine samples which is discussed in Chapters 3 and 4. Chapter 3 investigates the composition of sinking particles in the California Coastal Current, specifically metabolites. Sinking particles play a role in the regulation of biological processes in the water column but additionally have shown to regulate greenhouse emissions. We take an even deeper look with analysis of marine sediments to see how far pollutants travel down the water column and are stored at the bottom of the ocean, in Chapter 4. Marine sediment samples were collected from the Oregon continental shelf at established sample stations. The analysis of these environmental samples by LC-MS/MS is still in the developmental phase. Our work aims to develop novel LC-MS/MS methods that can give a fuller picture into environmental impacts of pollution. The overall goal is to expand the capabilities of LC-MS/MS experiments to complex mixtures. LC-MS/MS shows its true capabilities and potential in the experiments discussed here. From 300 Da to 40 kDa in size, LC-MS/MS can efficiently analyze a wide dynamic range of compounds which is critical to broad applicability. With this work, future experiments can analyze and identify a wide range of compounds by high-throughput LC-MS/MS analysis.</marc:subfield>
      </marc:datafield>
      <marc:datafield tag="504" ind1=" " ind2=" ">
         <marc:subfield code="a">Includes bibliographical references.</marc:subfield>
      </marc:datafield>
      <marc:datafield tag="650" ind1=" " ind2="0">
         <marc:subfield code="a">Chemistry, Analytic</marc:subfield>
      </marc:datafield>
      <marc:datafield tag="655" ind1=" " ind2="7">
         <marc:subfield code="a">Electronic Thesis or Dissertation.</marc:subfield>
         <marc:subfield code="2">dct</marc:subfield>
      </marc:datafield>
      <marc:datafield tag="690" ind1=" " ind2="7">
         <marc:subfield code="a">FSU Dissertations.</marc:subfield>
         <marc:subfield code="2">local</marc:subfield>
         <marc:subfield code="9">LOCAL</marc:subfield>
      </marc:datafield>
      <marc:datafield tag="710" ind1="2" ind2=" ">
         <marc:subfield code="a">Florida State University.</marc:subfield>
         <marc:subfield code="e">degree granting institution.</marc:subfield>
         <marc:subfield code="0">http://id.loc.gov/authorities/names/n80126238</marc:subfield>
      </marc:datafield>
      <marc:datafield tag="856" ind1="4" ind2="0">
         <marc:subfield code="3">DigiNole</marc:subfield>
         <marc:subfield code="u">https://purl.lib.fsu.edu/diginole/2022_Summer_Popovic_fsu_0071E_17322</marc:subfield>
         <marc:subfield code="y">Connect to online content:</marc:subfield>
      </marc:datafield>
      <marc:datafield tag="796" ind1="1" ind2=" ">
         <marc:subfield code="a">Marshall, Alan G.</marc:subfield>
         <marc:subfield code="q">(Alan George),</marc:subfield>
         <marc:subfield code="d">1944-</marc:subfield>
         <marc:subfield code="e">professor directing dissertation</marc:subfield>
         <marc:subfield code="9">LOCAL</marc:subfield>
      </marc:datafield>
      <marc:datafield tag="796" ind1="1" ind2=" ">
         <marc:subfield code="a">Zhu, Fanxiu,</marc:subfield>
         <marc:subfield code="e">university representative</marc:subfield>
         <marc:subfield code="9">LOCAL</marc:subfield>
      </marc:datafield>
      <marc:datafield tag="796" ind1="1" ind2=" ">
         <marc:subfield code="a">Roper, Michael Gabriel,</marc:subfield>
         <marc:subfield code="e">committee member</marc:subfield>
         <marc:subfield code="9">LOCAL</marc:subfield>
      </marc:datafield>
      <marc:datafield tag="796" ind1="1" ind2=" ">
         <marc:subfield code="a">Bleiholder, Christian,</marc:subfield>
         <marc:subfield code="e">committee member</marc:subfield>
         <marc:subfield code="9">LOCAL</marc:subfield>
      </marc:datafield>
      <marc:datafield tag="797" ind1="2" ind2=" ">
         <marc:subfield code="a">Florida State University.</marc:subfield>
         <marc:subfield code="b">Department of Chemistry and Biochemistry.</marc:subfield>
         <marc:subfield code="9">LOCAL</marc:subfield>
      </marc:datafield>
      <marc:datafield tag="904" ind1=" " ind2=" ">
         <marc:subfield code="a">0</marc:subfield>
         <marc:subfield code="9">LOCAL</marc:subfield>
      </marc:datafield>
   </marc:record>