
   <marc:record>
      <marc:leader>     nam  22      i 4500</marc:leader>
      <marc:controlfield tag="006">m     o  d        </marc:controlfield>
      <marc:controlfield tag="007">cr |||||||||||</marc:controlfield>
      <marc:controlfield tag="008">      s2022    flu     obm   000 0 eng d</marc:controlfield>
      <marc:datafield tag="040" ind1=" " ind2=" ">
         <marc:subfield code="a">FDA</marc:subfield>
         <marc:subfield code="b">eng</marc:subfield>
         <marc:subfield code="e">rda</marc:subfield>
         <marc:subfield code="c">FDA</marc:subfield>
      </marc:datafield>
      <marc:datafield tag="050" ind1=" " ind2="4">
         <marc:subfield code="a">HB1</marc:subfield>
      </marc:datafield>
      <marc:datafield tag="100" ind1="1" ind2=" ">
         <marc:subfield code="a">Rooney, Timothy</marc:subfield>
         <marc:subfield code="q">(Timothy J.),</marc:subfield>
         <marc:subfield code="e">author</marc:subfield>
      </marc:datafield>
      <marc:datafield tag="245" ind1="1" ind2="0">
         <marc:subfield code="a">Essays in Development Economics /</marc:subfield>
         <marc:subfield code="c">by Timothy Rooney</marc:subfield>
      </marc:datafield>
      <marc:datafield tag="264" ind1=" " ind2="1">
         <marc:subfield code="a">Tallahassee, Florida :</marc:subfield>
         <marc:subfield code="b">Florida State University,</marc:subfield>
         <marc:subfield code="c">2022</marc:subfield>
      </marc:datafield>
      <marc:datafield tag="300" ind1=" " ind2=" ">
         <marc:subfield code="a">1 online resource (171 pages)</marc:subfield>
      </marc:datafield>
      <marc:datafield tag="336" ind1=" " ind2=" ">
         <marc:subfield code="a">text</marc:subfield>
         <marc:subfield code="b">txt</marc:subfield>
         <marc:subfield code="2">rdacontent</marc:subfield>
      </marc:datafield>
      <marc:datafield tag="337" ind1=" " ind2=" ">
         <marc:subfield code="a">computer</marc:subfield>
         <marc:subfield code="b">c</marc:subfield>
         <marc:subfield code="2">rdamedia</marc:subfield>
      </marc:datafield>
      <marc:datafield tag="338" ind1=" " ind2=" ">
         <marc:subfield code="a">online resource</marc:subfield>
         <marc:subfield code="b">cr</marc:subfield>
         <marc:subfield code="2">rdacarrier</marc:subfield>
      </marc:datafield>
      <marc:datafield tag="347" ind1=" " ind2=" ">
         <marc:subfield code="a">text file</marc:subfield>
         <marc:subfield code="2">rdaft</marc:subfield>
      </marc:datafield>
      <marc:datafield tag="347" ind1=" " ind2=" ">
         <marc:subfield code="b">PDF</marc:subfield>
      </marc:datafield>
      <marc:datafield tag="538" ind1=" " ind2=" ">
         <marc:subfield code="a">System requirements: Adobe Reader or other PDF viewer.</marc:subfield>
      </marc:datafield>
      <marc:datafield tag="588" ind1=" " ind2=" ">
         <marc:subfield code="a">Description based on online resource; title from PDF title page.</marc:subfield>
      </marc:datafield>
      <marc:datafield tag="500" ind1=" " ind2=" ">
         <marc:subfield code="a">Extent pagination is PDF page count.</marc:subfield>
      </marc:datafield>
      <marc:datafield tag="500" ind1=" " ind2=" ">
         <marc:subfield code="a">Advisory committee: Shawn Kantor, Professor Co-Directing Dissertation; Carl Kitchens, Professor Co-Directing Dissertation; Eric Coleman, University Representative; Luke Rodgers, Committee Member; Carl Schmertmann, Committee Member.</marc:subfield>
      </marc:datafield>
      <marc:datafield tag="500" ind1=" " ind2=" ">
         <marc:subfield code="a">A Dissertation submitted to the Department of Economics in partial fulfillment of the requirements for the degree of Doctor of Philosophy.</marc:subfield>
      </marc:datafield>
      <marc:datafield tag="500" ind1=" " ind2=" ">
         <marc:subfield code="a">Date of Defense: June 3, 2022.</marc:subfield>
      </marc:datafield>
      <marc:datafield tag="500" ind1=" " ind2=" ">
         <marc:subfield code="a">Keywords: Economics.</marc:subfield>
      </marc:datafield>
      <marc:datafield tag="502" ind1=" " ind2=" ">
         <marc:subfield code="b">Ph.D.</marc:subfield>
         <marc:subfield code="c">Florida State University</marc:subfield>
         <marc:subfield code="d">2022.</marc:subfield>
      </marc:datafield>
      <marc:datafield tag="520" ind1="3" ind2=" ">
         <marc:subfield code="a">This dissertation is composed of three papers, all using natural experiments from developing countries to examine critical issues in the lives of individuals in the developing world. In the first chapter, I combine data from a national high school entrance exam linked to individual tax records in Jamaica to examine the short and long-run impact of several key aspects of secondary education. The second chapter examines the impact of education on short and long-term academic outcomes in the country of Colombia. The final chapter examines the impact political connections play in the provision of public amenities in China. The first chapter, "High School Never Ends: Secondary School Attributeson Formal Sector Earnings" examines what features of secondary education lead to increased formal sector earnings. Five hundred million children are enrolled in secondary education in developing countries, over five times that in developed nations. However, little is known about what features of secondary education matter the most for short-term academic or long-term labor market outcomes in developing countries. In this paper, I combine data from a national high school entrance exam linked to individual tax records in Jamaica to examine several key aspects of secondary education. First, the eligibility cutoff in Jamaica allows me to employ a regression discontinuity design to estimate credible causal effects of access to a school with additional years of secondary education. Second, through a similar design, I am able to obtain a credible causal estimate of peer quality on short and long-term outcomes. Finally, using idiosyncratic variation in gender composition, I am able to analyze a school's gender composition on short and long-term outcomes. Access to a school with additional years of education increases formal sector earnings by 2,900 USD PPP per year from ages 22 to 31. However, I find no short or long-term effects from higher quality peers. Finally, I find large academic benefits from having a larger share of same-sex peers but no long-term labor market benefits. The second chapter, "What is the Impact of Educational Spending on Short and Long Term Outcomes? Evidence from Colombia" examines the impact of both lower and higher local education spending on short-term and long-term academic outcomes. The goal of the chapter is to answer the question, "does education spending impact student outcomes in developing countries?" I leverage two separate natural experiments to answer the question. First, I exploit the repeal of a program in Colombia that allocated a portion of oil royalties to per capita education spending in the municipalities where the oil was extracted. Using a rich administrative data set containing more than 1.2 million students, I estimate that a 25 percent drop in education spending results in a 0.05 standard deviation decline in language standardized test scores and a 0.04 standard deviation decline in math standardized test scores. I document that children impacted by the spending cuts are 2.5 percentage points less likely to graduate from a university (8 percent relative to the mean). Moreover, I find the most severe learning losses for women, low-income individuals, and those with less-educated parents. Second, I utilize the institutional feature before the reform linking local education expenditure to oil royalties. I then instrument education expenditure with international oil prices interacting with fixed oil production. I find short-term educational spending increases lead to a rise in the number of students finishing high school and improvements in language scores. The third chapter, "What is the impact of political connections on the provision of public amenities? Evidence from China's primary land markets," measures the effect of political connections on the provision of public amenities. My coauthor (Jing Feng) and I use over two million land transactions from China's primary land market during the period 2001 to 2019. Using a spatially matched sample, we find that connected firms are nearly two percentage points (30 percent) more likely to receive a kindergarten, elementary, or middle school in the immediate vicinity of their purchase. We find suggestive evidence of firms receiving more doctor's offices and hospitals. We then exploit the timing of an anti-corruption crackdown in China; we find the benefits of political connections disappear following the crackdown.</marc:subfield>
      </marc:datafield>
      <marc:datafield tag="504" ind1=" " ind2=" ">
         <marc:subfield code="a">Includes bibliographical references.</marc:subfield>
      </marc:datafield>
      <marc:datafield tag="650" ind1=" " ind2="0">
         <marc:subfield code="a">Economics</marc:subfield>
      </marc:datafield>
      <marc:datafield tag="655" ind1=" " ind2="7">
         <marc:subfield code="a">Electronic Thesis or Dissertation.</marc:subfield>
         <marc:subfield code="2">dct</marc:subfield>
      </marc:datafield>
      <marc:datafield tag="690" ind1=" " ind2="7">
         <marc:subfield code="a">FSU Dissertations.</marc:subfield>
         <marc:subfield code="2">local</marc:subfield>
         <marc:subfield code="9">LOCAL</marc:subfield>
      </marc:datafield>
      <marc:datafield tag="710" ind1="2" ind2=" ">
         <marc:subfield code="a">Florida State University.</marc:subfield>
         <marc:subfield code="e">degree granting institution.</marc:subfield>
         <marc:subfield code="0">http://id.loc.gov/authorities/names/n80126238</marc:subfield>
      </marc:datafield>
      <marc:datafield tag="856" ind1="4" ind2="0">
         <marc:subfield code="3">DigiNole</marc:subfield>
         <marc:subfield code="u">https://purl.lib.fsu.edu/diginole/2022_Summer_Rooney_fsu_0071E_17300</marc:subfield>
         <marc:subfield code="y">Connect to online content:</marc:subfield>
      </marc:datafield>
      <marc:datafield tag="796" ind1="1" ind2=" ">
         <marc:subfield code="a">Kantor, Shawn Everett,</marc:subfield>
         <marc:subfield code="e">professor co-directing dissertation</marc:subfield>
         <marc:subfield code="9">LOCAL</marc:subfield>
      </marc:datafield>
      <marc:datafield tag="796" ind1="1" ind2=" ">
         <marc:subfield code="a">Kitchens, Carl T.,</marc:subfield>
         <marc:subfield code="e">professor co-directing dissertation</marc:subfield>
         <marc:subfield code="9">LOCAL</marc:subfield>
      </marc:datafield>
      <marc:datafield tag="796" ind1="1" ind2=" ">
         <marc:subfield code="a">Coleman, Eric A.</marc:subfield>
         <marc:subfield code="c">(Professor of Political Science),</marc:subfield>
         <marc:subfield code="e">university representative</marc:subfield>
         <marc:subfield code="9">LOCAL</marc:subfield>
      </marc:datafield>
      <marc:datafield tag="796" ind1="1" ind2=" ">
         <marc:subfield code="a">Rodgers, Luke P.,</marc:subfield>
         <marc:subfield code="e">committee member</marc:subfield>
         <marc:subfield code="9">LOCAL</marc:subfield>
      </marc:datafield>
      <marc:datafield tag="796" ind1="1" ind2=" ">
         <marc:subfield code="a">Schmertmann, Carl P.,</marc:subfield>
         <marc:subfield code="e">committee member</marc:subfield>
         <marc:subfield code="9">LOCAL</marc:subfield>
      </marc:datafield>
      <marc:datafield tag="797" ind1="2" ind2=" ">
         <marc:subfield code="a">Florida State University.</marc:subfield>
         <marc:subfield code="b">Department of Economics.</marc:subfield>
         <marc:subfield code="9">LOCAL</marc:subfield>
      </marc:datafield>
      <marc:datafield tag="904" ind1=" " ind2=" ">
         <marc:subfield code="a">0</marc:subfield>
         <marc:subfield code="9">LOCAL</marc:subfield>
      </marc:datafield>
   </marc:record>