
   <marc:record>
      <marc:leader>     nam  22      i 4500</marc:leader>
      <marc:controlfield tag="006">m     o  d        </marc:controlfield>
      <marc:controlfield tag="007">cr |||||||||||</marc:controlfield>
      <marc:controlfield tag="008">      s2022    flu     obm   000 0 eng d</marc:controlfield>
      <marc:datafield tag="040" ind1=" " ind2=" ">
         <marc:subfield code="a">FDA</marc:subfield>
         <marc:subfield code="b">eng</marc:subfield>
         <marc:subfield code="e">rda</marc:subfield>
         <marc:subfield code="c">FDA</marc:subfield>
      </marc:datafield>
      <marc:datafield tag="050" ind1=" " ind2="4">
         <marc:subfield code="a">RC321</marc:subfield>
      </marc:datafield>
      <marc:datafield tag="100" ind1="1" ind2=" ">
         <marc:subfield code="a">Ryan, Jonathan</marc:subfield>
         <marc:subfield code="q">(Jonathan S.),</marc:subfield>
         <marc:subfield code="e">author</marc:subfield>
      </marc:datafield>
      <marc:datafield tag="245" ind1="1" ind2="0">
         <marc:subfield code="a">Implementing Intermittent Theta-Burst Stimulation to Modulate the Reward Positivity via the Rostromedial Prefrontal Cortex /</marc:subfield>
         <marc:subfield code="c">by Jonathan Ryan</marc:subfield>
      </marc:datafield>
      <marc:datafield tag="264" ind1=" " ind2="1">
         <marc:subfield code="a">Tallahassee, Florida :</marc:subfield>
         <marc:subfield code="b">Florida State University,</marc:subfield>
         <marc:subfield code="c">2022</marc:subfield>
      </marc:datafield>
      <marc:datafield tag="300" ind1=" " ind2=" ">
         <marc:subfield code="a">1 online resource (137 pages)</marc:subfield>
      </marc:datafield>
      <marc:datafield tag="336" ind1=" " ind2=" ">
         <marc:subfield code="a">text</marc:subfield>
         <marc:subfield code="b">txt</marc:subfield>
         <marc:subfield code="2">rdacontent</marc:subfield>
      </marc:datafield>
      <marc:datafield tag="337" ind1=" " ind2=" ">
         <marc:subfield code="a">computer</marc:subfield>
         <marc:subfield code="b">c</marc:subfield>
         <marc:subfield code="2">rdamedia</marc:subfield>
      </marc:datafield>
      <marc:datafield tag="338" ind1=" " ind2=" ">
         <marc:subfield code="a">online resource</marc:subfield>
         <marc:subfield code="b">cr</marc:subfield>
         <marc:subfield code="2">rdacarrier</marc:subfield>
      </marc:datafield>
      <marc:datafield tag="347" ind1=" " ind2=" ">
         <marc:subfield code="a">text file</marc:subfield>
         <marc:subfield code="2">rdaft</marc:subfield>
      </marc:datafield>
      <marc:datafield tag="347" ind1=" " ind2=" ">
         <marc:subfield code="b">PDF</marc:subfield>
      </marc:datafield>
      <marc:datafield tag="538" ind1=" " ind2=" ">
         <marc:subfield code="a">System requirements: Adobe Reader or other PDF viewer.</marc:subfield>
      </marc:datafield>
      <marc:datafield tag="588" ind1=" " ind2=" ">
         <marc:subfield code="a">Description based on online resource; title from PDF title page.</marc:subfield>
      </marc:datafield>
      <marc:datafield tag="500" ind1=" " ind2=" ">
         <marc:subfield code="a">Extent pagination is PDF page count.</marc:subfield>
      </marc:datafield>
      <marc:datafield tag="500" ind1=" " ind2=" ">
         <marc:subfield code="a">Advisory committee: Greg Hajcak, Professor Directing Dissertation; Chris Patrick, University Representative; Derek Nee, Committee Member; Gregg Stanwood, Committee Member; Yanchang Wang, Committee Member.</marc:subfield>
      </marc:datafield>
      <marc:datafield tag="500" ind1=" " ind2=" ">
         <marc:subfield code="a">A Dissertation submitted to the Department of Biomedical Sciences in partial fulfillment of the requirements for the degree of Doctor of Philosophy.</marc:subfield>
      </marc:datafield>
      <marc:datafield tag="500" ind1=" " ind2=" ">
         <marc:subfield code="a">Date of Defense: June 14, 2022.</marc:subfield>
      </marc:datafield>
      <marc:datafield tag="502" ind1=" " ind2=" ">
         <marc:subfield code="b">Ph.D.</marc:subfield>
         <marc:subfield code="c">Florida State University</marc:subfield>
         <marc:subfield code="d">2022.</marc:subfield>
      </marc:datafield>
      <marc:datafield tag="520" ind1="3" ind2=" ">
         <marc:subfield code="a">Anhedonia, or difficulty experiencing pleasure, is a core deficit in depression. Depressed patients expressing anhedonia show increased treatment resistance and greater suicidal ideation when compared to non-anhedonic depressed patients. Mechanistically, depressed anhedonic patients are characterized by a dysfunction of the reward circuit. Based on neuroimaging and animal studies, these deficits have largely been tied to the mesolimbic pathway; a dopaminergic reward circuit that includes the ventral striatum (VS). VS activation is largely mediated via glutamatergic inputs from the medial prefrontal cortex (mPFC) and limbic areas. Depressed anhedonic patients show reduced VS activation to reward-related stimuli, perceived behaviorally as a lack of reward motivation. Interventions to enhance VS activation may therefore improve reward processing and anhedonic symptoms, but no established interventions to date specifically target the mesolimbic pathway. In a first step towards this goal, Chapter 1 reviews the literature associated with anhedonic depression, including underlying mechanisms, neural measures of reward dysfunction, and clinical treatments utilizing transcranial magnetic stimulation (TMS). Chapter 2 discusses this work’s attempt to modulate VS reward activation in healthy individuals through intermittent theta-burst stimulation (iTBS), a form of repetitive transcranial magnetic stimulation (TMS). Following studies which have shown iTBS can propagate to downstream structures within a targeted pathway, the rostromedial PFC (rmPFC), an area showing high co-activation with the VS, was stimulated to alter mesolimbic reward response. To capture this change, the reward positivity (RewP), an event-related potential that indexes activity of the reward circuit and has been shown to be abnormal in depression, was utilized. Within-subject comparisons determined that rmPFC stimulation potentiated the RewP when compared to a control site stimulation of the primary somatosensory (S1) or primary motor cortex (M1). These effects were specific to win trials, emphasizing successful targeting of the mesolimbic reward pathway. Effects were also moderated by the ability to precisely target areas within the rmPFC that exhibited high connectivity to the VS. Baseline reward signaling was also a predictor of rmPFC-iTBS effectiveness, with individuals exhibiting low baseline reward response showing greater change in RewP amplitude following rmPFC-iTBS when compared control iTBS. These findings provide novel methodology for enhancing reward response, and provide a mechanistic framework for the development of new clinical interventions for treating anhedonic depression. Chapter 3 proposes changes and refinements in methodology for future rmPFC-iTBS studies, as informed from the results presented in Chapter 2. Follow-up studies on anhedonic participants utilizing a longitudinal within-subject design with consecutive stimulation days, and improvements on TMS targeting are discussed. Included is the development of a novel algorithm utilizing simulations, connectivity, and anatomy based on the targeting results presented in Chapter 2. Together, this work provides evidence of altered reward response through use of iTBS-rmPFC and proposes steps to further validate iTBS-rmPFC reward alterations in addition to refinements on how to effectively target downstream areas through superficial cortical sites. With further validation, the methodology presented within this work could lead to a new clinical intervention targeting anhedonic symptomology, which is exhibited prominently within individuals suffering from severe depression. Additionally, incorporation of the proposed targeting algorithm could be generalized to improve TMS effectiveness in manipulating downstream areas irrespective of target.</marc:subfield>
      </marc:datafield>
      <marc:datafield tag="504" ind1=" " ind2=" ">
         <marc:subfield code="a">Includes bibliographical references.</marc:subfield>
      </marc:datafield>
      <marc:datafield tag="650" ind1=" " ind2="0">
         <marc:subfield code="a">Neurosciences</marc:subfield>
      </marc:datafield>
      <marc:datafield tag="650" ind1=" " ind2="0">
         <marc:subfield code="a">Neurosciences</marc:subfield>
      </marc:datafield>
      <marc:datafield tag="655" ind1=" " ind2="7">
         <marc:subfield code="a">Electronic Thesis or Dissertation.</marc:subfield>
         <marc:subfield code="2">dct</marc:subfield>
      </marc:datafield>
      <marc:datafield tag="690" ind1=" " ind2="7">
         <marc:subfield code="a">FSU Dissertations.</marc:subfield>
         <marc:subfield code="2">local</marc:subfield>
         <marc:subfield code="9">LOCAL</marc:subfield>
      </marc:datafield>
      <marc:datafield tag="710" ind1="2" ind2=" ">
         <marc:subfield code="a">Florida State University.</marc:subfield>
         <marc:subfield code="e">degree granting institution.</marc:subfield>
         <marc:subfield code="0">http://id.loc.gov/authorities/names/n80126238</marc:subfield>
      </marc:datafield>
      <marc:datafield tag="856" ind1="4" ind2="0">
         <marc:subfield code="3">DigiNole</marc:subfield>
         <marc:subfield code="u">https://purl.lib.fsu.edu/diginole/2022_Summer_Ryan_fsu_0071E_17353</marc:subfield>
         <marc:subfield code="y">Connect to online content:</marc:subfield>
      </marc:datafield>
      <marc:datafield tag="796" ind1="1" ind2=" ">
         <marc:subfield code="a">Proudfit, Greg Hajcak,</marc:subfield>
         <marc:subfield code="e">professor directing dissertation</marc:subfield>
         <marc:subfield code="9">LOCAL</marc:subfield>
      </marc:datafield>
      <marc:datafield tag="796" ind1="1" ind2=" ">
         <marc:subfield code="a">Patrick, Christopher J.,</marc:subfield>
         <marc:subfield code="e">university representative</marc:subfield>
         <marc:subfield code="9">LOCAL</marc:subfield>
      </marc:datafield>
      <marc:datafield tag="796" ind1="1" ind2=" ">
         <marc:subfield code="a">Nee, Derek Evan,</marc:subfield>
         <marc:subfield code="e">committee member</marc:subfield>
         <marc:subfield code="9">LOCAL</marc:subfield>
      </marc:datafield>
      <marc:datafield tag="796" ind1="1" ind2=" ">
         <marc:subfield code="a">Stanwood, Gregg,</marc:subfield>
         <marc:subfield code="e">committee member</marc:subfield>
         <marc:subfield code="9">LOCAL</marc:subfield>
      </marc:datafield>
      <marc:datafield tag="796" ind1="1" ind2=" ">
         <marc:subfield code="a">Wang, Yanchang</marc:subfield>
         <marc:subfield code="c">(Biomedical Sciences Professor),</marc:subfield>
         <marc:subfield code="e">committee member</marc:subfield>
         <marc:subfield code="9">LOCAL</marc:subfield>
      </marc:datafield>
      <marc:datafield tag="797" ind1="2" ind2=" ">
         <marc:subfield code="a">Florida State University.</marc:subfield>
         <marc:subfield code="b">Department of Biomedical Sciences.</marc:subfield>
         <marc:subfield code="9">LOCAL</marc:subfield>
      </marc:datafield>
      <marc:datafield tag="904" ind1=" " ind2=" ">
         <marc:subfield code="a">0</marc:subfield>
         <marc:subfield code="9">LOCAL</marc:subfield>
      </marc:datafield>
   </marc:record>