
   <marc:record>
      <marc:leader>     nam  22      i 4500</marc:leader>
      <marc:controlfield tag="006">m     o  d        </marc:controlfield>
      <marc:controlfield tag="007">cr |||||||||||</marc:controlfield>
      <marc:controlfield tag="008">      s2022    flu     obm   000 0 eng d</marc:controlfield>
      <marc:datafield tag="040" ind1=" " ind2=" ">
         <marc:subfield code="a">FDA</marc:subfield>
         <marc:subfield code="b">eng</marc:subfield>
         <marc:subfield code="e">rda</marc:subfield>
         <marc:subfield code="c">FDA</marc:subfield>
      </marc:datafield>
      <marc:datafield tag="050" ind1=" " ind2="4">
         <marc:subfield code="a">QA10.92</marc:subfield>
      </marc:datafield>
      <marc:datafield tag="100" ind1="1" ind2=" ">
         <marc:subfield code="a">Smith, Jessica L.</marc:subfield>
         <marc:subfield code="q">(Jessica Lynn),</marc:subfield>
         <marc:subfield code="e">author</marc:subfield>
      </marc:datafield>
      <marc:datafield tag="245" ind1="1" ind2="0">
         <marc:subfield code="a">Student Reasoning, Argumentation, and Positioning Relative to Identity in Inquiry-Oriented Undergraduate Mathematics /</marc:subfield>
         <marc:subfield code="c">by Jessica L. Smith</marc:subfield>
      </marc:datafield>
      <marc:datafield tag="264" ind1=" " ind2="1">
         <marc:subfield code="a">Tallahassee, Florida :</marc:subfield>
         <marc:subfield code="b">Florida State University,</marc:subfield>
         <marc:subfield code="c">2022</marc:subfield>
      </marc:datafield>
      <marc:datafield tag="300" ind1=" " ind2=" ">
         <marc:subfield code="a">1 online resource (119 pages)</marc:subfield>
      </marc:datafield>
      <marc:datafield tag="336" ind1=" " ind2=" ">
         <marc:subfield code="a">text</marc:subfield>
         <marc:subfield code="b">txt</marc:subfield>
         <marc:subfield code="2">rdacontent</marc:subfield>
      </marc:datafield>
      <marc:datafield tag="337" ind1=" " ind2=" ">
         <marc:subfield code="a">computer</marc:subfield>
         <marc:subfield code="b">c</marc:subfield>
         <marc:subfield code="2">rdamedia</marc:subfield>
      </marc:datafield>
      <marc:datafield tag="338" ind1=" " ind2=" ">
         <marc:subfield code="a">online resource</marc:subfield>
         <marc:subfield code="b">cr</marc:subfield>
         <marc:subfield code="2">rdacarrier</marc:subfield>
      </marc:datafield>
      <marc:datafield tag="347" ind1=" " ind2=" ">
         <marc:subfield code="a">text file</marc:subfield>
         <marc:subfield code="2">rdaft</marc:subfield>
      </marc:datafield>
      <marc:datafield tag="347" ind1=" " ind2=" ">
         <marc:subfield code="b">PDF</marc:subfield>
      </marc:datafield>
      <marc:datafield tag="538" ind1=" " ind2=" ">
         <marc:subfield code="a">System requirements: Adobe Reader or other PDF viewer.</marc:subfield>
      </marc:datafield>
      <marc:datafield tag="588" ind1=" " ind2=" ">
         <marc:subfield code="a">Description based on online resource; title from PDF title page.</marc:subfield>
      </marc:datafield>
      <marc:datafield tag="500" ind1=" " ind2=" ">
         <marc:subfield code="a">Extent pagination is PDF page count.</marc:subfield>
      </marc:datafield>
      <marc:datafield tag="500" ind1=" " ind2=" ">
         <marc:subfield code="a">Advisory committee: Christine Andrews-Larson, Professor Directing Dissertation; Alec Kercheval, University Representative; Lama Jaber, Committee Member; Ian Whitacre, Committee Member.</marc:subfield>
      </marc:datafield>
      <marc:datafield tag="500" ind1=" " ind2=" ">
         <marc:subfield code="a">A Dissertation submitted to the School of Teacher Education in partial fulfillment of the requirements for the degree of Doctor of Philosophy.</marc:subfield>
      </marc:datafield>
      <marc:datafield tag="500" ind1=" " ind2=" ">
         <marc:subfield code="a">Date of Defense: June 27, 2022.</marc:subfield>
      </marc:datafield>
      <marc:datafield tag="500" ind1=" " ind2=" ">
         <marc:subfield code="a">Keywords: argumentation, equitable participation, identity, positioning, systems of linear equations.</marc:subfield>
      </marc:datafield>
      <marc:datafield tag="502" ind1=" " ind2=" ">
         <marc:subfield code="b">Ph.D.</marc:subfield>
         <marc:subfield code="c">Florida State University</marc:subfield>
         <marc:subfield code="d">2022.</marc:subfield>
      </marc:datafield>
      <marc:datafield tag="520" ind1="3" ind2=" ">
         <marc:subfield code="a">There have been recent pushes for more active learning in mathematics classrooms, especially at the undergraduate level. To incorporate more active learning, there is a need for tasks that explicitly support this type of instruction, attention to student reasoning and whose ideas are publicly acknowledged, and awareness of differences in students’ experiences in these classes. My dissertation follows a three-paper format and addresses these aspects in an inquiry-oriented linear algebra context. In these papers, I examine student reasoning about solutions to systems of linear equations in the context of an inquiry-oriented task sequence, the development of argumentation (with attention to which students contribute this development), and the relationships among classroom obligations and students’ identities and ways of being positioned in class. Systems of linear equations (SLE) comprise a fundamental concept in linear algebra, but there is relatively little research regarding the teaching and learning of SLE, especially students' conceptions of solutions. It has been shown that solving systems with no or infinitely many solutions tends to be less intuitive for students, pointing to the need for more research on the teaching and learning of the topic. For the first paper, I and another author interviewed two math majors who were also preservice teachers, in a paired teaching experiment to see how they reasoned about solutions to SLE in ℝ3. I present findings focused on the progression of students’ reasoning about solutions to SLE through the lens of symbolizing. We document their progression of reasoning as an accumulation of coordinated numeric, algebraic, and graphical meanings and symbolizations for solution sets developed throughout and called on at different moments in the task sequence. The second paper focuses on the participatory equity of collective argumentation during the systems of linear equations unit in an undergraduate linear algebra course. The instructor used a modified version of the task sequence presented in the first paper. It has been argued that active learning can lead to more equitable outcomes in math classrooms, but others have found that it can actually increase gaps in performances between men and women or amplify the in-class racialized and gendered experiences for students from marginalized populations. In this paper, I use video recordings and field notes from class discussions to document the overall participatory equity or inequity in the argumentation during the systems unit and how and by whom four different arguments were developed. I note that women only participated during situational activity in contrast to women not participating at all in generalizing activity. I also describe the ways in which the online chat functioned as a mechanism that, at times, made discussion participation more equitable. I highlight an instance within argumentation in which one student, whose mathematical ideas were used particularly often, made a sexist comment implying women’s contribution in the course should be identifying colors of lines on a graph. In the third paper, I compare one course’s normative identity, or the obligations in which students would need to adopt to be seen as successful, and personal identity, or the degree to which students identify and engage in those obligations. I then examine relationships between these identities and the ways in which students are positioned, or the ways they are allowed to participate and the ways in which they and their ideas are valued in the course. I address differences that can exist between a class’s normative identity and students’ personal identities that contribute to differences in the ways students are positioned. I also highlight ways in which students can be positioned similarly while also experiencing interactions differently. The three papers deal with differences that can exist in students’ reasoning, whole class participation, and experiences in an inquiry-oriented setting. The first paper addresses a gap in research on student reasoning about systems of linear equations, especially regarding systems with large or infinite solution sets. The second paper addresses a gap in the research linking collective argumentation and equity, especially in undergraduate mathematics settings. The third paper addresses a gap in the research examining the ways students identify with the classroom normative identity and how this relates to how those students are positioned in class.</marc:subfield>
      </marc:datafield>
      <marc:datafield tag="504" ind1=" " ind2=" ">
         <marc:subfield code="a">Includes bibliographical references.</marc:subfield>
      </marc:datafield>
      <marc:datafield tag="650" ind1=" " ind2="0">
         <marc:subfield code="a">Mathematics</marc:subfield>
         <marc:subfield code="x">Study and teaching</marc:subfield>
      </marc:datafield>
      <marc:datafield tag="655" ind1=" " ind2="7">
         <marc:subfield code="a">Electronic Thesis or Dissertation.</marc:subfield>
         <marc:subfield code="2">dct</marc:subfield>
      </marc:datafield>
      <marc:datafield tag="690" ind1=" " ind2="7">
         <marc:subfield code="a">FSU Dissertations.</marc:subfield>
         <marc:subfield code="2">local</marc:subfield>
         <marc:subfield code="9">LOCAL</marc:subfield>
      </marc:datafield>
      <marc:datafield tag="710" ind1="2" ind2=" ">
         <marc:subfield code="a">Florida State University.</marc:subfield>
         <marc:subfield code="e">degree granting institution.</marc:subfield>
         <marc:subfield code="0">http://id.loc.gov/authorities/names/n80126238</marc:subfield>
      </marc:datafield>
      <marc:datafield tag="856" ind1="4" ind2="0">
         <marc:subfield code="3">DigiNole</marc:subfield>
         <marc:subfield code="u">https://purl.lib.fsu.edu/diginole/2022_Summer_Smith_fsu_0071E_17333</marc:subfield>
         <marc:subfield code="y">Connect to online content:</marc:subfield>
      </marc:datafield>
      <marc:datafield tag="796" ind1="1" ind2=" ">
         <marc:subfield code="a">Larson, Christine</marc:subfield>
         <marc:subfield code="q">(Christine J.),</marc:subfield>
         <marc:subfield code="e">professor directing dissertation</marc:subfield>
         <marc:subfield code="9">LOCAL</marc:subfield>
      </marc:datafield>
      <marc:datafield tag="796" ind1="1" ind2=" ">
         <marc:subfield code="a">Kercheval, Alec N.,</marc:subfield>
         <marc:subfield code="e">university representative</marc:subfield>
         <marc:subfield code="9">LOCAL</marc:subfield>
      </marc:datafield>
      <marc:datafield tag="796" ind1="1" ind2=" ">
         <marc:subfield code="a">Jaber, Lama,</marc:subfield>
         <marc:subfield code="e">committee member</marc:subfield>
         <marc:subfield code="9">LOCAL</marc:subfield>
      </marc:datafield>
      <marc:datafield tag="796" ind1="1" ind2=" ">
         <marc:subfield code="a">Whitacre, Ian Michael,</marc:subfield>
         <marc:subfield code="e">committee member</marc:subfield>
         <marc:subfield code="9">LOCAL</marc:subfield>
      </marc:datafield>
      <marc:datafield tag="797" ind1="2" ind2=" ">
         <marc:subfield code="a">Florida State University.</marc:subfield>
         <marc:subfield code="b">School of Teacher Education.</marc:subfield>
         <marc:subfield code="9">LOCAL</marc:subfield>
      </marc:datafield>
      <marc:datafield tag="904" ind1=" " ind2=" ">
         <marc:subfield code="a">0</marc:subfield>
         <marc:subfield code="9">LOCAL</marc:subfield>
      </marc:datafield>
   </marc:record>